@String{pub-WI          = "Wiley"}
@String{pub-WI:adr      = ""}
@String{pub-PH          = "Pren{\-}tice-Hall"}
@String{pub-PH:adr      = "Englewood Cliffs, NJ 07632, USA"}
@String{pub-SP          = "Springer-Verlag"}
@String{pub-SP:adr      = ""}
@string{pra =  "Phys. Rev.~A"}
@string{prl =  "Phys. Rev. Lett."}
@string{jfm =  "J. Fluid Mech."}
@string{pf =   "Phys. Fluids"}
@string{pfa =  "Phys. Fluids~A"}
@String{pfl =  "Phys. Fluids"}
@string{siam = "Stud. Appl. Math."}
@string{prl =  "Phys. Lett. Rev."}
@string{prsl = "Proc. Roy. Soc. Lond. Ser.~A"}
@string{qam =  "Quat. Appl. Math"}
@string{annrev = "Ann. Rev. Fluid Mech."}
@string{aiaa = "AIAA J."}
@string{jcp =  "J. Comp. Phys."}
@string{jot =  "J. Turbulence"}



@Book{Abramowitz-Stegun,
  author = 	 "Abramowitz, M. and Stegun, I. A.",
  title = 	 "Handbook of mathematical functions",
  publisher = 	 "Dover",
  year = 	 "1965"
}

@Book{lewisbook,
  author = 	 "Frank L. Lewis and Vassilis L. Syrmos",
  title = 	 "Optimal control",
  publisher = 	 "Wiley-Interscience",
  year = 	 "1995",
}

@Book{schlichting:1979,
  author = 	 "Hermann Schlichting",
  title = 	 "Boundary-{L}ayer {T}heory",
  publisher = 	 "Springer",
  year = 	 "1979",
  edition = 	 "Seventh",
}

@Article{Acarlar-Smith:1,
  author =  	 "Acarlar, M. S. and Smith, C. R.",
  title	= 	 "A study of hairpin vortices in a laminar boundary layer. 
		 {P}art 1. {H}airpin vortices generated by a hemispherical 
		 protuberance.",
  Journal = 	 jfm,
  Volume = 	 "175",
  pages	= 	 "1--42",
  year	= 	 "1987"
}

@Article{Acarlar-Smith:2,
  author = 	 "Acarlar, M. S. and Smith, C. R.",
  title	= 	 "A study of hairpin vortices in a laminar boundary layer. 
		 {P}art 2. {H}airpin vortices generated by fluid injection.",
  Journal = 	 jfm,
  Volume = 	 "175",
  pages	= 	 "43--48",
  year	= 	 "1987"
}

@Article{jcooke:1950,
  author =       "J.~C. Cooke",
  title =        "The boundary layer of a class of infinite yawed cylinders",
  journal =      "Proc. Camb. Phil. Soc.",
  year =         "1950",
  volume =       "46",
  number =       "",
  pages =        "645--648",
  month =        "",
  note =         "",
}

@Misc{Adams-Sandham-Kleiser,
  author=        "Adams, N. A. and Sandham, N. D. and Kleiser, L.",
  title =        {A method for direct numerical simulation of
compressible boundary-layer transition.},
  howpublished = {Proceedings of the 9th GAMM-conference on numerical
methods in fluid dynamics, Lausanne, September 25-27, 1991},
  year =         "1991"
}

@Misc{Adams-Kleiser,
  author=        "Adams, N. A. and Kleiser, L.",
  title =        {Numerical simulation of transition in a compressible
flat plate boundary layer.},
  howpublished = {Symposium on transitional and turbulent flows, 1993
ASME fluids engineering conference, Washington, D.C., June 20-23},
  year =         "1993"
}

@Article{Akhavan-Jung-Mangliavacchi,
  author = 	 "Akhavan, R. and Jung, W. J. and Mangliavacchi, N.",
  title	= 	 "Turbulence control in wall-bounded flows by spanwise oscillations",
  journal = 	 "Applied Scientific Research",
  pages	= 	 "299--303",
  volume  = 	 "51",
  year = 	 "1993"
}

@Article{Alavyoon-Henningson-Alfredsson,
  author = 	 "Alavyoon, F. and Henningson, D. S. and Alfredsson, P. H.",
  title	= 	 "Turbulent spots in plane {Poiseuille} flow 
                 - flow visualization",
  journal = 	 pf,
  pages	= 	 "1328--1331",
  volume  = 	 "29",
  year = 	 "1986"
}

@InProceedings{Alfredsson-Matsubara,
  author  =      "Alfredsson, P. H. and Matsubara, M.",
  year    =      "1996",
  title   =      "Streaky structures in transition.",
  booktitle =    "Transitional Boundary Layers in Aeronautics.",
  editor    =    "Henkes, R.A.W.M. and van Ingen, J.L.",
  pages     =    "374--386",
  publisher =    "Elsiever Science Publishers",
}

@InProceedings{Kleiser-Schumann,
  author  =      "L. Kleiser and U. Schumann",
  year    =      "1980",
  title   =      "Treatment of incompressibility and boundary conditions in 3-D numerical spectral simulations of plane channel flows",
  booktitle =    "Proc. 3rd GAMM Conf. Numerical Methods in Fluid Mechanics",
  editor    =    "Hirschel, E. H.",
  pages     =    "165--173",
  publisher =    "Vieweg. Braunschweig",
}

@Article{Alfredsson-Johansson,
  author = 	 "Alfredsson, P. H. and Johansson, A. V.",
  title	= 	 "On the detection of turbulence-generating events.",
  journal = 	 jfm,
  pages	= 	 "325",
  volume  = 	 "139",
  year = 	 "1984"
}

@Article{Alfredsson-Persson,
  author = 	 "Alfredsson, P. H. and Persson, H.",
  title	= 	 "Instabilities in channel flow with system rotation",
  journal = 	 jfm,
  pages	= 	 "543--557",
  volume  = 	 "202",
  year = 	 "1989"
}

@PHDTHESIS{Amini,
  author = 	 "Amini, J.",
  title = 	 "Transition contr\^{o}l\'{e}e en couche limite:  
		 {Etude} exp\'{e}riementale du d\'{e}veloppement 
		 d'une perturbation tridimensionnelle instantan\'{e}e",
  school = 	 "L'institute national polytechnique de Grenoble",
  year	= 	 "1978"
}

@Article{Amini-Lespinard,
  author =  	 "Amini, J. and Lespinard, G.",
  title = 	 "Experimental study of an ``incipient spot'' in a 
		  transitional boundary layer.",
  Journal = 	 pf,
  Volume = 	 "25",
  Number = 	 "10",
  pages = 	 "1743--1750",
  year = 	 "1982"
}

@Article{Antar-Benek,
  author = 	 "Antar, Basil N. and Benek, John A.",
  title = 	 "Temporal eigenvalue spectrum of the {Orr-Sommerfeld}
		 equations for the {Blasius} boundary layer",
  journal = 	 pf,
  year = 	 "1978",
  volume = 	 "21",
  number = 	 "2",
  pages = 	 "183--189",
}

@Inproceedings{Andersson-Berggren-Henningson,
  author = 	 "Andersson, P. and Berggren, M. and Henningson, D.S.",
  title = 	 "Optimal Disturbances in Boundary Layers",
  booktitle = 	 "Progress in Systems Control",
  year = 	 "1997",
  publisher =    "{Birkh\"auser}",
}

@Article{ABH-98,
  author = 	 "Andersson, P. and Berggren, M. and Henningson, D.S.",
  title = 	 "Optimal disturbances and bypass transition in boundary layers",
  year = 	 "1999",
  journal =      pf,
  volume =       "11",
  number =       "1",
  pages =        "134--150",
}

@Article{Arena-Mueller,
  author = 	 "Arena, A. V. and Mueller, T. J.",
  title = 	 "Laminar Separation, Transition, and Turbulent Reattachment
near the leading edge of Airfoils",
  journal = 	 aiaa,
  year = 	 "1980",
  volume = 	 "18",
  pages = 	 "747--753",
}

@Article{Arnal,
  author = 	 "Arnal, D.",
  title = 	 "Stability and transition of two-dimensional laminar
boundary layers in compressible flow over and adiabatic wall",
  journal = 	 "Rech. Aerosp.",
  year = 	 "1988",
  volume = 	 "1988-4",
  pages = 	 "15--32",
}

@Inproceedings{Arnal92,
author	=        {Arnal, D.},
Title   =        {Transition description and prediction}, 
Booktitle =      {Numerical simulation of unsteady flows and transition to turbulence},
editor =         {Pironneau, O. and Rodi, W. and Ryhming, I.L. and Savill, A.M. and Truong, T.V.},
year =           {1987},
pages	=        {303--316},
publisher =      {Cambridge University Press}
}

@Article{Ashpis-Reshotko,
  author = 	 "Ashpis, D E. and Reshotko, E.",
  title = 	 "The vibrating ribbon problem revisited",
  journal = 	 jfm,
  year = 	 "1990",
  volume = 	 "213",
  pages = 	 "531--547",
}

@Article{Aubry,
  author = 	 "Aubry, Nadine and Holmes, Philip and Lumley, John
		 L. and Stone, Emily",
  title = 	 "The dynamics of coherent structures in the wall
		 region of a turbulent boundary layer",
  journal = 	 jfm,
  year = 	 "1988",
  volume = 	 "192",
  pages = 	 "115--173",
}

@Article{Baggett-Driscoll-Trefethen,
  author = 	 "Baggett, J. S. and Driscoll, T. A. and Trefethen, L. N.",
  title = 	 "A mostly linear model of transition to turbulence",
  journal = 	 pf,
  year = 	 "1995",
  volume =       "7",
  pages =        "833--838"
}

@Article{Ball-Sirovich-Keefe,
  author = 	 "Ball, K. S. and Sirovich, L. and Keefe, L. R.",
  title = 	 "Dynamical eigenfunction decomposition of turbulent
		 channel flow",
  journal = 	 "Int. J. Numer. Methods Fluids",
  year = 	 "1991",
  volume =       "12",
  pages =        "585--604"
}

@Article{Balachandrar-Streett-Malik,
  author = 	 "Balachandrar, S. B and Streett, C. L. and Malik, M. R.",
  title = 	 "Secondary instability in rotating-disc flow",
  journal = 	 jfm,
  year = 	 "1992",
  volume =       "242",
  pages =        "323--347"
}

@Article{Bandyopadhyay,
  author = 	"Bandyopadhyay, P. R.",
  title = 	"Aspects of the equilibrium puff in transitional
		 pipe flow",
  journal = 	jfm,
  year = 	"1986",
  volume = 	"163",
  pages = 	"439--458",
}

@InProceedings{Bakchinov-Westin-Kozlov-Alfredsson,
  author = 	"Bakchinov, A. A. and  Westin, K. J. A. and
                 Kozlov, V. V. and Alfredsson, P.H.",
  editors =     "Kobayashi, R.",
  title = 	"On the receptivity of a flat 
                 plate boundary layer to localized free stream disturbances.",
  booktitle = 	"Laminar-Turbulent Transition",
  pages =       "341--348",
  year = 	"1995",
}

@Article{Balakumar-Malik:1992a,
  author = 	"Balakumar, P. and Malik, M. R.",
  title = 	"Discrete modes and continuous spectra in supersonic
boundary layers",
  journal = 	jfm,
  year = 	"1992a",
  volume = 	"239",
  pages = 	"631--656",
}

@Article{Balakumar-Malik:1992b,
  author = 	"Balakumar, P. and Malik, M. R.",
  title = 	"Waves produced from a harmonic source in a supersonic
boundary-layer flow.",
  journal = 	jfm,
  year = 	"1992b",
  volume = 	"245",
  pages = 	"229--247",
}

@InProceedings{Bandyopadhyay-Hussain,
  author = 	"Bandyopadhyay, P. R. and Hussain, A. K. M. F.",
  title = 	"The organized motions in ``puffs'' in transitional
		 pipe flow",
  booktitle = 	"Proc. Third Int. Symp. Flow Visualization",
  year = 	"1983",
  address = 	"Univ. of Michigan, Ann Arbor",
}

@Article{Bech-Henningson-Henkes,
  author = 	"Knut H. Bech and Dan S. Henningson and Ruud A. W. M. Henkes",
  title = 	"Linear and nonlinear development of localized disturbances in zero
and adverse pressure gradient boundary-layers.",
  year = 	"1998",
  journal =     pfl,
  volume =      "10",
  number =      "6",
  pages =       "1405--1418",
  keywords =    "laminar flow; boundary layers; numerical analysis; flow simulation; flow instability; vortices; surface waves (fluid)",
  url =         "http://link.aip.org/link/?PHF/10/1405/1",
  publisher =   "AIP",
}

@INCOLLECTION{Berlin-Henningson,
  author =      "S. Berlin and D. S. Henningson",
  Title   =     "A study of boundary layer receptivity to disturbances in the free stream.",
  Booktitle =   "Bypass transition - proceedings from a mini-workshop",
  editor =      "Henningson, D. S.",
  note =        "{TRITA-MEK} Technical Report 1994:14, Royal 
  Institute of Technology, Stockholm, Sweden.",
  pages =       "43--49",
  Year =        "1994"
}

@Article{Berlin-Lundbladh-Henningson,
  author = 	"Berlin, S. and Lundbladh, A. and Henningson, D. S.",
  title = 	"Spatial simulations of oblique transition",
  year = 	"1994",
  volume =      "6",
  pages =       "1949--1951",
  journal =     pf,
}

@Article{Berlin-CKH,
  author =      "Berlin, S. and Choi, J. and Kim, J. and Henningson, D. S.",
  title  =      "Control of boundary layer transition",
  journal =     "Bull. Am. Phys. Soc.",
  volume  =     "41",
  pages   =     "1750",
  year    =     "1996"
}

@Techreport{Berlin-Kim-Henningson,
  author =      "Berlin, S. and Kim, J. and Henningson, D. S.",
  title   =     "Control of oblique transition by flow oscillations",
  institution = "Royal Institute of Techmology, Stockholm",
  number =      "TRITA-MEK 1998:6",
  year =        "1998"
}

@Techreport{Alvelius-Skote,
  author =      "Krister Alvelius and Martin Skote",
  title   =     "The performance of a spectral simulation code for turbulence on parllel computers with distributed memory",
  institution = "Royal Institute of Techmology, Stockholm",
  number =      "TRITA-MEK 2000:17",
  year =        "2000"
}


@Article{Berlin-Henningson:1998,
  author = 	"Stellan Berlin and Dan S. Henningson",
  title = 	"A new nonlinear mechanism for receptivity of free-stream disturbances.",
  publisher =   "AIP",
  volume =      "11",
  number =      "12",
  pages =       "3749--3760",
  keywords =    "flow instability; laminar flow; boundary layers; flow simulation; vortices; turbulence",
  url =         "http://link.aip.org/link/?PHF/11/3749/1",
  journal =     pfl,
  year = 	"1999",
}

@Techreport{Berlin-Lundbladh-Henningson:code,
author	=       "Berlin, S. and Lundbladh, A. and Henningson, D. S.",
title   =       "An efficient Spectral Method for simulation of incompressible flow over a flat plate",
institution =   {Royal Institute of Techmology, Stockholm},
number	=       {TRITA-MEK 1998:XX},
year =          {1998}
}

@Article{Berlin-Wiegel-Henningson,
  author =      "Berlin, S. and Wiegel, M. and Henningson, D. S.",
  title =       "Numerical and experimental investigation of oblique boundary layer transition",
  journal = 	jfm,
  year = 	"1999",
  volume = 	"393",
  pages = 	"23--57"

}

@InProceedings{Bertshy-Abernathy,
  author = 	"Bertshy, J. R. and Abernathy, F. H.",
  title = 	"Modifications to laminar and turbulent boundary layers
                 due to the addition of dilute polymer solutions",
  booktitle = 	"Drag Reduction",
  year = 	"1977",
  address = 	"Second International Conference on Drag Reduction,
                 Cambridge, UK.",
  publisher =   "BHRA Fluid Engineering",
}


@InProceedings{Bestek-Gruber-Fasel,
  author = 	"Bestek, H. and Gruber, K. and Fasel, H.",
  title = 	"Self-excited unstreadiness of laminar separation bubbles
by natural transition",
  booktitle = 	"The prediction and and exploitation of separated flow",
  year = 	"1989",
  pages =       "14.1--14.16",
  publisher =   "Proceedings of the Royal Aeronautical Society",
}


@Article{Bark,
  author = 	"Bark, Fritz",
  title = 	"On the wave structure of the wall region of a
		 turbulent boundary layer",
  journal = 	jfm,
  year = 	"1975",
  volume = 	"70",
  pages = 	"229--250"
}

@Article{Bayly,
  author = 	"Bayly, J. B.",
  title = 	"Three-dimensional instability of elliptical flow",
  journal = 	prl,
  year = 	"1986",
  volume = 	"57",
  pages = 	"2160",
}

@Article{Bayly-Orszag-Herbert,
  author = 	"Bayly, Bruce J. and Orszag, Steven A. and Herbert,
		 Thorwald", 
  title = 	"Instability mechanisms in shear flow transition",
  journal = 	annrev,
  year = 	"1988",
  volume = 	"20",
  pages = 	"359--91",
}

@Article{Benettin-Strelcyn,
  author = 	"Benettin, G. and Strelcyn, J.-M.",
  title = 	"Numerical experiments on the free motion of a point
		 mass moving in a plane convex region: {Stochastic}
		 transition and entropy",
  journal = 	pra,
  year = 	"1978",
  volume = 	"17",
  pages = 	"773",
}

@Article{Benjamin,
  author = 	"Benjamin, T. B.",
  title = 	"The development of three-dimensional disturbances in
                 an unstable film of liquid flowing down 
                 an inclined plane",
  journal = 	jfm,
  year = 	"1961",
  volume = 	"10",
  pages = 	"401--419"
}

@Article{Benney-Gustavsson,
  author = 	"Benney, D. J. and Gustavsson, L. Hakan",
  title = 	"A new mechanism for linear and nonlinear hydrodynamic 
		 instability",
  journal = 	siam,
  pages = 	"185--209",
  volume  = 	"64",
  year = 	"1981"
}

@Article{Benney-Lin,
  author = 	"Benney, D. J. and Lin, C. C.",
  title = 	"On the secondary motion induced by oscillations in a 
		 shear flow",
  journal = 	pf,
  pages = 	"656--657",
  volume  = 	"3",
  year = 	"1960"
}

@Article{Benney:1961,
  author = 	"Benney, D. J.",
  title = 	"A non-linear theory for oscillations in a parallel flow",
  journal = 	 jfm,
  pages = 	"209--236",
  volume  = 	"10",
  year = 	"1961"
}

@Article{Bergstrom,
  author = 	"Bergstrom, L.",
  title = 	"Optimal growth of small disturbances in pipe
Poiseuille flow",
  journal = 	pfa,
  year = 	"1993",
  volume = 	"5",
  pages = 	"2710--2720",
}

@Article{Berry,
  author = 	"Berry, Michael",
  title = 	"Regularity and chaos in classical mechanics,
		 illustrated by three deformations of a circular `billiard'",
  journal = 	"Eur. J. Phys.",
  year = 	"1981",
  volume = 	"2",
  pages = 	"91--102",
}

@Booklet{Berry:lecture-notes,
  author = 	"Berry, Michael",
  title = 	"Semiclassical Mechanics of Regular and Irregular Motion",
  year = 	"1981",
  note = 	"Lectures given at the Les Houches Summer School"
}

@PHDTHESIS{Bertolotti:thesis,
  Author = 	"Bertolotti, F. P.",
  Title = 	"Linear and Nonlinear Stability of Boundary Layers
with Streamwise Varying Properties.",
  School = 	"The Ohio State University, Department of Mechanical
Engineering",
  Address = 	"Columbus, Ohio",
  Year = 	"1991"
}

@Article{Bertolotti,
author	=       "Bertolotti, F. P.",
title	=       "Response of the Blasius boundary layer to free-stream vorticity",
journal	=       pf,
volume  =       "9",
number  =       "8",  
pages   =       "2286--2299",
year	=       "1997"
}

@Article{Bertolotti-Herbert-Spalart,
author	=       "Bertolotti, F. P. and Herbert, T. and Spalart, P. R.",
title	=       "Linear and nonlinear stability of the {Blasius} boundary layer",
journal	=       jfm,
volume  =       "242",  
pages   =       "441--474",
year	=       "1992"
}

@Article{Bertolotti-Herbert,
author	=       "Bertolotti, F. P. and Herbert, T.",
title	=       "Fast simulation of boundary-layer transition with {PSE}",
journal	=       "Bull. Am. Phys. Soc.",
pages	=       "2230",
volume	=       "35",
year	=       "1990"
}

@Misc{Bertolotti-Crouch,
  author=        "Bertolotti, F. P. and Crouch, J. D.",
  title =        {Simulation of boundary-layer transition:
{Receptivity} to spike stage.},
  howpublished = {ICASE REPORT 92-72},
  year =         "1992"
}

@Misc{Bertolotti-Bippes,
  author=        "Bertolotti, F. P. and Bippes, H.",
  title =        {An experimental and computational investigation of
transition in a subsonic 3-D boundary-layer.},
  howpublished = {Proceedings from the Deutcher Luft- und
Raumfahrtkongress/DFLR-1994},
  year =         "1994"
}

@misc{Bertolotti-Kendall,
author = {Bertolotti, F. P. and Kendall, J. M.},
title = {Response of the Blasius boundary-layer to controlled 
free-stream vortices of axial form.},
howpublished = {AIAA Paper 97-2018},
year  = {1997}
}

@Misc{Bippes,
  author=        "Bippes, H.",
  title =        {Experiments on transition in three-dimensional
accelerated boundary-layer flows.},
Howpublished = {Proceedings of the Royal Aeronautical Society Conference
on: Boundary-Layer Tranisiton and Control, Cambridge University, England.}, 
  year =         "1991"
}

@Book{Betchov-Criminale,
  author = 	"Betchov, R. and Criminale, W. O.",
  title = 	"Stability of parallel flows",
  publisher = 	"Academic Press",
  year = 	"1967"
}

@Article{Blackwelder-Haritonidis:burst,
  Author  = 	"Blackwelder, R. F. and Haritonidis, J. H.",
  Title   = 	"The Bursting Frequency in Turbulent Boundary Layers.",
  Journal = 	jfm,
  Volume = 	"1",
  Year = 	"1982"
}

@Article{Blackwelder-Kaplan,
  Author  = 	"Blackwelder, R. F. and Kaplan, R. E.",
  Title   = 	"On the Wall Structure of the Turbulent Boundary Layer.",
  Journal = 	jfm,
  Volume = 	"76",
  pages = 	"89--112",
  Year = 	"1976"
}

@Article{Blackwelder:Hotwires,
  Author  = 	"Blackwelder, R. F.",
  Title   = 	"Hot Wire and Hot Film Anemometers.",
  Journal = 	"Methods of Experimental Physics",
  Volume = 	"18",
  Editor = 	"R. J. Emrich",
  Year = 	"1981"
}

@Article{Blackwelder:analogies,
  Author = 	"Blackwelder, Ron F.",
  Title   = 	"Analogies between transitional and turbulent 
		 boundary layers",
  Journal = 	pf,
  Volume = 	"26",
  pages = 	"2807--2815",
  Year = "	1983"
}

@Article{Blair,
  Author = 	"Blair, M. F.",
  Title   = 	"Boundary-layer transition in accelerating flows with intense
                 freestream turbulence: Part 1 disturbances upstream of transition
                 onset.",
  Journal = 	"Journal of Fluid Engineering",
  Volume = 	"114",
  pages = 	"313--321",
  Year =        "1992"
}

@Article{Boberg-Brosa,
  Author = 	"Boberg, L. and Brosa, U.",
  Title   = 	"Onset of turbulence in a pipe",
  Journal = 	"Z. Naturforsch.",
  Volume = 	"43a",
  pages = 	"697--726",
  Year =        "1988"
}

@Book{Boyd,
  author = 	"Boyd, J. P.",
  title = 	"Chebyshev and Fourier Spectral Methods",
  publisher = 	"Springer-Verlag",
  year = 	"1989",
  editor = 	"Brebbia, C. A. amd Orszag, S. A.",
  volume = 	"49",
  series = 	"Lecture Notes in Engineering",
}

@article{BWKKA,
  author =      "Boiko, A. V. and Westin, K. J. A. and Klingmann, B.
G. B. and Kozlov, V. V. and Alfredsson, P. H.q",
  title  =      "Experiments in a boundary layer subject to
free-stream turbulence. {Part II}: The role of {TS}-waves in the
                transition process.",
 journal =      jfm,
 pages =        "219--245",
 volume =       "281",
  Year =      "1994"
}

@Article{Brandt-Cossu-Chomaz:2003,
  author = 	"Luca Brandt and Carlo Cossu and J.-M Chomaz and P. Huerre and Dan S. Henningson",
  title = 	"On the convectively unstable nature of optimal streaks in boundary layers",
  journal = 	jfm,
  year = 	"2003",
  volume = 	"485",
  pages = 	"221--242",
}

@Article{Brandt-Henningson:2002,
  author = 	"Luca Brandt and Dan S. Henningson",
  title = 	"Transition of streamwise streaks in zero-pressure-gradient boundary layers",
  journal = 	jfm,
  year = 	"2002",
  volume = 	"472",
  pages = 	"229--262",
}

@Article{Brandt-Schlatter-Henningson:2004,
  author = 	"Luca Brandt and Philipp Schlatter and Dan S. Henningson",
  title = 	"Transition in boundary layers subject to free-stream turbulence",
  journal = 	jfm,
  year = 	"2004",
  volume = 	"517",
  pages = 	"167--198",
}

@Article{Browning-Kreiss,
  author =  	"Browning, G. L. and Kreiss, H.-O.",
  title	= 	"Comparison of Numerical Methods for the
		 Calculation of Two-Dimensional Turbulence",
  Journal = 	"Math. Comp.",
  Volume = 	"52",
  pages	= 	"369--388",
  year	= 	"1989"
}

@Article{Breuer-Haritonidis,
  Author  = 	"Breuer, Kenneth S. and Haritonidis, Joseph H.",
  Title   = 	"The evolution of a localized disturbance in a laminar
		 boundary layer. {P}art {I}: {W}eak disturbances.",
  Journal = 	jfm,
  volume  =     "220",
  pages   =     "569--594",
  Year = 	"1990"
}

@Article{Breuer-Haritonidis-Landahl,
  Author  = 	"Breuer, K. S. and Haritonidis, J. H. and Landahl, M. T.",
  Title   = 	"The control of localized disturbances in a boundary 
		 layer through active wall motion",
  Journal = 	pf,
  Year = 	"1989",
  volume = 	"3",
  number = 	"1",
  pages = 	"574--582"
}

@Inproceedings{Breuer-Haritonidis:pipe,
  Author  = 	"Breuer, Kenneth S. and Haritonidis, Joseph H.",
  Title   = 	"The structure and splitting of the turbulent puff in
		 transitional pipe flow",
  Booktitle =   "Advances in Turbulence 3",
  editors   =   "Johansson, A. V. and Alfredsson, P. H.",
  Address =     "Stockholm",
  Year = 	"1990",
  note = 	"(In press)"
}

@Article{Breuer-Landahl,
  Author  = 	"Breuer, Kenneth S. and Landahl, Marten T. ",
  Title   = 	"The evolution of a localized disturbance in a laminar 
		 boundary layer. {P}art {II}: {Strong} disturbances.",
  Journal = 	jfm,
  volume  =     "220",
  pages   =     "595--621",
  Year = 	"1990"
}

@Article{Breuer-Kuraishi,
  Author  = 	"Breuer, K. S. and Kuraishi, T.",
  Title   = 	"Transient growth in two- and three-dimensional
boudnary layers.",
  Journal = 	pf,
  volume  =     "6",
  pages   =     "1983--1993",
  Year = 	"1994"
}

@INPROCEEDINGS{Breuer-Landahl-Spalart,
  Author = 	"Breuer, K. S. and Landahl, M. T. and Spalart, P. R.",
  Title = 	"The simulation of coherent structures in a laminar 
		 boundary layer.",
  Booktitle = 	"Proceedings of Stanford/NASA Center for Turbulence 
		 Research Summer Program",
  Year = 	"1987"
}

@Article{Breuer-Sirovich,
  author = 	"Breuer, Kenneth S. and Sirovich, Lawrence",
  title = 	"The use of the {Karhunen-Lo\`{e}ve} procedure for the
		 calculation of linear eigenfunctions",
  journal = 	jcp,
  year = 	"1990",
  note = 	"(In press)"
}

@MastersThesis{Breuer:masters,
  author = 	"Breuer, Kenneth S.",
  title = 	"An Experimental Investigation into transitional pipe flow",
  school = 	"Department of Aeronautics and Astronautics,
		 Massachusetts Institute of Technology",
  year = 	"1984",
  address = 	"Cambridge MA 02139",
}

@PHDTHESIS{Breuer:thesis,
  Author = 	"Breuer, Kenneth. S.",
  Title = 	"The development of a localized disturbance in a boundary 
		 layer",
  School = 	"Massachusetts Institute of Technology, Department of 
		 Aeronautics and Astronautics",
  Address = 	"Cambridge, Mass",
  Year = 	"1988"
}

@Article{Bullister-Orszag,
  author = 	"Bullister, E. T. and Orszag, S. A.",
  title = 	"Numerical simulation of turbulent spots in channel
and boundary layer flows",
  journal = 	"J. Sci. Comput.",
  year =         "1987",
  volume = 	"2",
  pages =       "263--281",
}

@Article{Bunimovich:1974,
  author =  	"Bunimovich, L. A. ",
  title = 	"On ergodic properties of certain billiards",
  journal = 	"Func. Anal. Appl.",
  year = 	"1974",
  volume = 	"8",
  pages = 	"254--255",
}

@Article{Bunimovich:1979,
  author = 	"Bunimovich, L. A. ",
  title = 	"On the ergodic properties of nowhere dispersing billiards",
  journal = 	"Commun. Math, Phys.",
  year = 	"1979",
  volume = 	"65",
  pages = 	"295--312",
}

@Article{Buter-Reed,
  author = 	"Buter, T. A. and Reed, H. L. ",
  title = 	"Boundary layer receptivity to free-stream vorticity",
  journal = 	pf,
  year =        "1994",
  volume =      "6",
  pages  =      "3368--3379",
}

@PHDTHESIS{Butler,
  Author = 	"Butler, K. M.",
  Title = 	"Equilibration and optimal excitation in viscous shear flow",
  School = 	"Division of Applied Sciences, Harvard University",
  Address = 	"Cambridge, Mass",
  Year = 	"1991"
}

@Article{Butler-Farrell,
  author = 	"Butler, K. M. and Farrell, B. F. ",
  title = 	"Three-dimensional optimal perturbations in viscous
                 shear flow",
  journal = 	"Phys. Fluids A",
  year =        "1992",
  volume =      "4",
  pages  =      "1637--1650",
}

@Book{Canuto-etal,
  author = 	"Canuto, C. and Hussaini, M. Y. and Quarteroni, A. and
Zang, T. A.",
  title = 	"Spectral Methods in Fluids Dynamics",
  publisher = 	"Springer",
  year = 	"1988"
}

@Article{Carlson-Widnall-Peeters,
  Author =      "Carlson, D. R. and Widnall, S. E. and Peeters, M. F.",
  Title =       "A flow visualization study of transition in plane
{Poiseuille} flow.",
  Journal =      jfm,
  Volume =      "121",
  Pages =       "487--505",
  Year =        "1982"
}


@Book{Carr,
  author = 	"Carr, Jack",
  title = 	"Applications of Centre Manifold Theory",
  publisher = 	"Springer-Verlag",
  year = 	"1981",
}

@Article{Chambers-Thomas,
  Author =       "Chambers, F. W. and Thomas, A. S. W.",
  Title =        "Turbulent spots, wave packets and growth",
  Journal =      pf,
  Volume =       "26",
  Pages =        "1160--1162",
  Year =         "1983"
}

@Book{Chang:separation,
  author =       "Chang, P. K.",
  title =        "Separation of flow",
  publisher =    "Pergamon Press",
  year =         "1970"
}

@MISC{Chang-Malik:AIAA,
  author =       "Chang, C. L. and Malik, M. R.",
  title =        "Non-parallel stability of compressible boundary layers",
  howpublished = "AIAA Paper 93-2912",
  year =         "1993"
}

@InProceedings{Chang-Malik:proc,
  author = 	 "Chang, C.-L. and Malik, M. R.",
  title = 	 "Oblique-mode breakdown and secondary instability in a
supersonic boundary layers using nonlinear PSE.",
  booktitle = 	 "Instability, Transition and Turbulence",
  year = 	 "1992",
  editor    =    "Hussaini, M. Y. and Kumar, A. and Streett, C. L.",
  publisher =    "Springer-Verlag",
  pages     =    "231--241",
}

@Article{Chang-Malik,
  author =       "Chang, C.-L. and Malik, M. R.",
  title       =  "Oblique-mode breakdown and secondary instability in
supersonic boundary layers.",
  journal =       jfm,
  volume =       "273",
  year =         "1994",
  pages =        "323--360",
}

@techreport{Charters,
author  =        "Charters, A. C.",
title   =        "Transition between laminar and turbulent flow by 
                  transverse contamination",
institution =    "NACA",
number	=        "TN 891",
year	=        "1943",
}

@Article{chevalier:hoepffner:akervik:henningson:2007,
  author = 	 "Mattias Chevalier and J{\'e}r{\^o}me H{\oe}pffner and Espen {\AA}kervik and Dan S. Henningson",
  title = 	 "Linear feedback control and estimation applied to instabilities in spatially developing boundary layers",
  journal =      jfm,
  year = 	 "2007",
  volume = 	 "588",
  number = 	 "",
  pages =        "163--187",
}

@Article{ccossu:mchevalier:dhenningson:2007,
  author = 	 "Carlo Cossu and Mattias Chevalier and Dan S. Henningson",
  title = 	 "Optimal secondary energy growth in a plane channel flow",
  journal =      pfl,
  year = 	 "2007",
  volume = 	 "19",
  number = 	 "5",
  pages =        "058107",
  url =          "http://link.aip.org/link/?PHFLE6/19/058107/1",
}

@Article{mattiasestimation,
  author = 	 "Mattias Chevalier and J{\'e}r{\^o}me H{\oe}pffner and Thomas R. Bewley and Dan S. Henningson",
  title = 	 "State estimation of wall bounded flow systems. {P}art 2. {T}urbulent flows.",
  journal =      jfm,
  year = 	 "2006",
  volume = 	 "552",
  number = 	 "",
  pages =        "167--187",
}

@Misc{mchevalier:mhogberg:2002,
  author =       "Mattias Chevalier and Markus {\noopsort{hz}}H{\"o}gberg and Martin Berggren and Dan S. Henningson",
  title =        "Linear and nonlinear optimal control in spatial boundary layers",
  howpublished = "AIAA Paper 2002--2755",
  year =         "2002",
  note =         "",
}

@PhdThesis{mchevalier:2004,
  author =       "Mattias Chevalier",
  title =        "Feedback and {A}djoint {B}ased {C}ontrol in {B}oundary {L}ayer {F}lows",
  school =       "Royal Institute of Technology, Department of Mechanics",
  year =         "2004",
  address =      "Stockholm, Sweden",
  number =       "TRITA-MEK 2004:13",
  OPTmonth =     "",
  OPTtype =      "",
  OPTnote =      "",
  bibdate =      "Tue Oct 19 13:21:13 2004",
}

@Article{Chien,
  author =       "Chien, K. Y.",
  title       =        "Predictions of Channel and Boundary-Layer Flows with a 
                  Low-{Reynolds}-Number Turbulence Model",
  journal =       aiaa,
  volume =       "20",
  year =         "1982"
}

@PHDTHESIS{Chin:PhD,
  Author = 	"Chin, W. C.",
  Title = 	"Physics of slowly varying wavetrains in continuous systems",
  School = 	"Massachusetts Institute of Technology, Department of 
		 Aeronautics and Astronautics",
  Address = 	"Cambridge, Mass",
  Year = 	"1976"
}

@PHDTHESIS{Chin:PhD-Harvard,
  Author = 	"Chin, R. W.-Y.",
  Title = 	"Stability of flows down an inclined plane.",
  School = 	"Harvard University, Division of Applied Sciences",
  Address = 	"Cambridge, Mass",
  Year = 	"1981"
}

@Article{Choi-Moin-Kim,
  Author =      "Choi, H. and Moin, P. and Kim, J.",
  Title =       "Active turbulence control for drag reduction in wall-bounded flows",
  Journal =      jfm,
  Volume =      "262",
  Pages =       "75",
  Year =        "1993"
}

@MISC{Choundhari-Kerschen,
  author =       "Choudhari, M. and Kerschen, E. J.",
  title =        "Instability wave patterns generated by interaction
of sound waves with three-dimensional wall sucction or roughness.",
  howpublished = "AIAA-90-0119",
  year =         "1990"
}

@Article{Choudhari-Streett,
  Author =       "Choudhari, M. and Streett, C. L.",
  Title =        "A finite Reynolds-number approach for the prediction of 
boundary-layer receptivity in localized regions.",
  Journal =      pfa,
  Volume =       "4",
  Pages =        "2495--2514",
  Year =         "1992"
}

@Article{Choundhari,
  Author =       "Choudhari, M.",
  Title =        "Roughness induced generation of crossflow vortices in
three-dimensional boundary layers.",
  Journal =      "Theor.\ Comput.\ Fluid Dynamics",
  Volume =       "6",
  Pages =        "1--30",
  Year =         "1994"
}

@misc{Choundhari-96,
author =        {Choundhari, M.},
title =         {Boundary-layer receptivity to three-dimensional unsteady
                 vortical disturbances in free stream.},
howpublished =  {AIAA Paper 96-0181},
year  =         {1996}
}

@Article{Case,
  Author =      "Case, K. M.",
  Title =       "Stability of inviscid plane {Couette} flow",
  Journal =      pf,
  Volume =      "3",
  Pages =       "143--148",
  Year =        "1960"
}

@Article{Clauser,
  Author =      "Clauser, F. H.",
  Title =       "Turbulent Boundary Layers in Advers Pressure Gradients",
  Journal =     "J. Aero. Sci.",
  Volume =      "21",
  Pages =       "91--108",
  Year =        "1954"
}

@Article{Cohen-Breuer-Haritonidis,
  author = 	"Cohen, Jacob and Breuer, Kenneth S. and Haritonids,
		 Joseph H.",
  title = 	"On the evolution of a wave packet in a laminar
		 boundary layer",
  year = 	"1991",
  journal =     jfm,
  volume =      "225",
  pages =       "575--606"
}

@Article{Cohen-Wygnanski:1,
  author =      "Cohen, J. and Wygnanski, I.",
  title =       "The evolution of instabilities in the axisymmetric
		 jet.  {Part~1. T}he linear growth of disturbances
		 near the nozzle", 
  journal =      jfm,
  volume =       "176",
  pages =        "191--219",
  year =         "1987"
}

@Article{Cohen-Wygnanski:2,
  author =      "Cohen, J. and Wygnanski, I.",
  title	=       "The evolution of instabilities in the axisymmetric
		 jet.{Part 2. T}he flow resulting from the interaction
		 between two waves", 
  journal =      jfm,
  volume =      "176",
  pages	=       "221--235",
  year	=       "1987"
}

@Article{Collins-Zelenevitz,
  author =       "Collins, F. G. and Zelenevitz, J.",
  title	=        "Influence of sound upon separated flow over wings",
  journal =       aiaa,
  volume =       "13",
  pages	=        "408--410",
  year =         "1975"
}

@Article{Cooke,
  author =       "Cooke, J. C.",
  title	=        "The boundary layer of a class of infinite yawed cylinders",
  journal =      "Proc. Camb. Phil. Soc.",
  volume =       "46",
  pages	=        "645--648",
  year =         "1950"
}

@Article{Cooley-Turkel,
  author =       "Cooley, J. W. and Tukey, J. W.",
  title	=        "An Algorithm for the machine calculation of complex {Fourier} series.",
  journal =      "Math. Comput.",
  volume =       "19",
  pages	=        "297--301",
  year =         "1965"
}

@Article{Conte,
  author =       "Conte, S. D.",
  title	=        "The numerical solution of linear boundary value problems",
  journal =       siam,
  volume =       "8",
  number =       "3",
  pages	=        "309--321",
  year =         "1966"
}

@Article{Corke-Mangano,
  author = 	"Corke, T. C. and Mangano, R. A.",
  title = 	"Resonant growth of three-dimensional modes in
		 transitional {Blasius} boundary layers",
  journal = 	jfm,
  year = 	"1989",
  volume = 	"209",
  pages = 	"93 -- 150",
}

@Article{Corke-Bar-Sever-Morkovin,
   author =      "Corke, T. C. and Bar-Sever, A. and Morkovin, M. V.",
   title =       "Experiments on transition enhancment by distributed
                  roughness ",
   journal =     pf,
   year =        "1986",
   volume =      "29",
   pages =       "3199--3213",
}

@Article{Couette,
  author =      "Couette, M.",
  title =       "{\'E}tudes sur le frottement des liquides.",
  journal =     "Ann. Chim. Phys.",
  year =        "1890",
  number =      "6",
  volume =      "21",
  pages =       "433--510",
}

@Article{Cowley-Smith,
  author = 	"Cowley, S. J. \& Smith F. T.",
  title = 	"{On the stability of Poiseuille-Couette flow: a bifurcation from infinity}",
  journal = 	jfm,
  year = 	"1985",
  volume = 	"156",
  pages = 	"83 -- 100",
}

@Article{Craik-Criminale,
  author =      "Craik, A. D. D. and Criminale, W. O.",
  title	=       "Evolution of wavelike disturbances in shear flows: a
		 class of exact solutions of the {Navier--Stokes}
		 equations.", 
  journal =      prsl,
  Volume =      "406",
  pages =       "13--26",
  year =        "1986"
}

@Article{Craik:1971,
  author =      "Craik, A. D. D.",
  title =       "Nonlinear resonant instability in boundary layers.",
  journal =      jfm,
  Volume =      "50",
  pages =       "393--413",
  year =        "1971"
}

@Article{Craik:1980,
  author =      "Craik, A. D. D.",
  title =       "Nonlinear evolution and breakdown in unstable
		 boundary layers.", 
  journal =      jfm,
  Volume =      "99",
  pages =       "247--265",
  year =        "1980"
}

@Article{Craik:1981,
  author =      "Craik, A. D. D.",
  title =       "The development of wavepackets in unstable flows",
  journal =      prsl,
  Volume =      "373",
  pages =       "457--476",
  year =        "1981"
}

@Book{Craik:book,
  author =      "Craik, A. D. D.",
  title =       "Wave interactions and fluid flows",
  publisher =   "Cambridge University Press",
  year =        "1985"
}

@misc{Criminale,
  author = 	"Criminale, William O.",
  howpublished ="AGARD Report 266, Paris",
  year = 	"1960",
}

@Article{Criminale-Kovasznay,
  author =      "Criminale, William O. and Kovasznay, Leslie S. G.",
  title	=       "The growth of localized disturbances in a laminar
		 boundary layer", 
  journal =      jfm,
  Volume =      "14",
  pages =       "59--80",
  year =        "1962"
}


@Article{Crouch-Spalart,
  author =      "Crouch, D. H. and Spalart, P. R.",
  title	=       "A study of non-parallel and non-linear effects on the
localized receptivity of boundary layers", 
  journal =      jfm,
  Volume =      "290",
  pages =       "29--37",
  year =        "1995"
}

@Article{Crouch:loc_recept,
  author =      "Crouch, J. D.",
  title	=       "Localized receptivity of boundary layers", 
  journal =      pfa,
  Volume =      "4",
  pages =       "1408--1414",
  year =        "1992"
}

@Article{Crouch:receptivity,
  author =      "Crouch, J. D.",
  title	=       "Non-localized receptivity of boundary layers", 
  journal =      jfm,
  Volume =      "244",
  pages =       "567--581",
  year =        "1992"
}


@Article{Daman-Narasimha,
  author = 	 "Daman, S. and Narasimha, R.",
  title = 	 "Some properties of boundary layer flow during the
                 transition from laminar to turbulent motion",
  journal = 	 jfm,
  year = 	 "1958",
  volume = 	 "3",
  pages = 	 "418",
}


@Article{Danabasoglu-Biringen-Streett,
  author =       "Danabasoglu, G. and Biringen, S. and Streett C. L.",
  title  =       "Spatial simulation of instability by periodic suction blowing",
  journal =      pfa,
  volume  =      "3",
  number=        "9",
  pages   =      "2138--2147",
  year    =      "1991"
}

@Article{Davey-Reid,
  author =       "Davis, S. H. and Reid, W. J.",
  title  =       "On the stability of stratified viscous plane {Couette} flow.",
  journal =      jfm,
  volume  =      "80",
  pages   =      "509",
  year    =      "1977"
}

@Article{Davis,
  author =       "Davis, S. H.",
  title  =       "Buoyancy-surface tension instability by the method
of energy.",
  journal =      jfm,
  volume  =      "39",
  pages   =      "347--359",
  year    =      "1969"
}

@Article{Deane-Sirovich:1,
  author = 	 "Deane, Anil E. and Sirovich, Lawrence",
  title = 	 "A Computational study of {Rayleigh-B\'{e}nard}
		 convection. {Part I}. {Rayleigh} number dependence.",
  year = 	 "1989",
  journal =      jfm,
  note =         "(Submitted)"
}

@Article{Deane-Sirovich:2,
  author = 	 "Deane, Anil E. and Sirovich, Lawrence",
  title = 	 "A Computational study of {Rayleigh-B\'{e}nard}
		 convection. {Part II}. Dimensional considerations.",
  year = 	 "1989",
  journal =      jfm,
  note =         "(Submitted)"
}

@Article{Deardorff,
  author =       "Deardorff, J. W.",
  title  =       "A numerical study of the three-dimensional turbulent channel
                  flow at large {Reynolds} numbers",
  journal =      jfm,
  volume  =      "41",
  pages   =      "453--480",
  year    =      "1970"
}

@Article{Dikii,
  author = 	 "Dikii, L. A.",
  title = 	 "The stability of plane-parallel flows of an ideal fluid",
  year = 	 "1960",
  journal =      "Sov. Phys. Doc.",
  volume =       "135",
  pages  =       "1179--1182",
}

@InCollection{DiPrima,
  author =       "{DiPrima}, R. C.",
  booktitle = 	 "Nonlinear partial differential equations",
  title = 	 "Vector eigenfunction expansions for the growth of
                 {Taylor} vortices in the flow between rotating cylinders",
  publisher = 	 "{Academic Press}",
  year = 	 "1967",
  editor = 	 "Ames, W. F.",
  pages = 	 "19--42",
}

@Article{DiPrima-Habetler,
  author =       "{DiPrima}, R. C. and Habetler, G. J.",
  title =        "A completeness theorem for non-selfadjoint eigenvalue
		 problems in hydrodynamic stability", 
  journal =      "Arch. Rat. Mech. Anal.",
  volume =       "32",
  year =         "1969",
  pages =        "218--227"
}

@Article{Dolph-Lewis,
  author =       "Dolph, C. L. and Lewis, D. C.",
  title =        "On the application of infinite systems of ordinary
                 differential equations to perturbations to plane 
                 {Poiseuille} flow", 
  journal =      "Q. Appl. Math.",
  volume =       "16",
  year =         "1958",
  pages =        "97--110"
}

@Article{Dovgal-Kozlov-Michalke,
  author =       "Dovgal, A. V. and Kozlov, V. V. and Michalke, A.",
  title =        "Laminar boundary layer separation: Instibility and
associated phenomena", 
  journal =      "Prog. Aerospace Sci.",
  volume =       "30",
  year =         "1994",
  pages =        "61--94"
}

@misc{DovgalKL80,
  author =       "Dovgal, A.V. and Kozlov, V.V. and Levchenko, V.Y.",
  title =        "Experimental study of response of a boundary layer 
subjected to external monochromatic perturbations",
  howpublished = "Izv. Akad. Nauk SSSR, Mech. Zhidk. Gaza2 No 4",
  year =         "1980",
  note =         "(in Russian)"
}


@INPROCEEDINGS{Dovgal-Kozlov-Simonov,
  author =       "Dovgal, A. V. and Kozlov, V. V. and Simonov, O. A",
  title =        "Experiments on hydromechanic
instability of boundary layers with separation. In Boundary-layer separation", 
  booktitle =    "Boundary layer separation",
  organization = {Proc. IUTAM Symposium, London},
  publisher =    "Springer",
  pages =        "109",
  year =         "1986"
}

@INPROCEEDINGS{Drazin-Howard,
  author =       "Drazin, P. G. and Howard, L. N.",
  title =        "Hydrodynamic stability of parallel flows of inviscid
		 fluid", 
  booktitle =    "Advances in applied mechanics",
  editor    =    "Kuerti, G.",
  publisher =    "Academic Press",
  pages =        "1--89",
  volume =       "7",
  year =         "1966"
}

@Book{Drazin-Reid,
  author =       "Drazin, P. G. and Reid, W. H.",
  title =        "Hydrodynamic Stability",
  publisher =    "Cambridge University Press",
  year =         "1981"
}

@Book{Eckhaus,
  author =       "Eckhaus, W.",
  title =        "Studies in Non-Linear Stability",
  publisher =    "Springer",
  year =         "1965"
}

@Article{Ehrenstein-Koch,
  author =       "Ehrenstein, U. and Koch, W.",
  title  =       "Three-dimensional wavelike equilibrium states in
plane {Poiseuille} flow",
  journal =      jfm,
  volume  =      "228",
  pages   =      "111--148",
  year    =      "1991"
}

@Misc{Eliassen-Hoiland-Riis,
author	=	 "Eliassen, A. and H{\o}iland, E. and Riis, E.",
howpublished =   "Inst. Weather Climate Res., Oslo, Publ. No 1.",
year	=	 "1953"
}

@Article{Elofsson-Alfredsson:98,
  author =       "Elofsson, P. A. and Alfredsson, P. H.",
  title =        "An experimental study of oblique transition in plane Poiseuille flow",
  journal =      jfm,
  volume  =      "358",
  pages   =      "177--202",
  year    =      "1998"
}

  editors =      "Kobayashi, R.",
  booktitle =    "Laminar-Turbulent Transition",
  year =         "1995",
  pages =        "465--472"
}

@INPROCEEDINGS{Elofsson-Alfredsson:BL,
  author =       "Elofsson, P. A. and Alfredsson, P. H.",
  title =        "An experimental investigation of oblique transition 
                 in a {B}lasius boundary layer",
  booktitle =    "{EUROMECH} Colloquium 359",
  year =         "1997",
}


@Article{Elofsson-Alfredsson:APS,
  author =       "Elofsson, P. A. and Alfredsson, P. H.",
  title  =       "An experimental investigation of interacting oblique
waves in plane Poiseuille flow",
  journal =      "Bull. Am. Phys. Soc.",
  volume  =      "38",
  pages   =      "2221",
  year    =      "1993"
}

@INPROCEEDINGS{Elofsson-Alfredsson,
  author =       "Elofsson, P. A. and Alfredsson, P. H.",
  title =        "Experiments on nonlinear interaction between oblique 
                  {T}ollmien-{S}chlichting waves.",
  editors =      "Kobayashi, R.",
  booktitle =    "Laminar-Turbulent Transition",
  year =         "1995",
  pages =        "465--472"
}

@Article{Ellingsen-Palm,
  author =       "Ellingsen, T. and Palm, E.",
  title  =       "Stability of linear flow.",
  journal =      pf,
  volume  =      "18",
  pages   =      "487--488",
  year    =      "1975"
}

@INCOLLECTION{Elofsson-Lundbladh,
  author =       "Elofsson, P. A. and Lundbladh, A.",
  Title   =      "Ribbon induced oblique transition in plane poiseulle flow",
  Booktitle =    "Bypass transition - Proceedings from a mini-workshop",
  publisher =    "KTH",
  editor =       "Henningson, D. S.",
  note =         "{TRITA-MEK} Technical Report 1994:14, Royal Institute of Technology, Stockholm, Sweden.",
  pages =        "29--41",
  Year =         "1994"
}

@PHDTHESIS{Elofsson:PhD,
  Author = 	 "Elofsson, P. A.",
  Title = 	 "Experiment on oblique transition in wall bounded shear flows",
  School = 	 "Royal Institute of Technology",
  Address = 	 "Stockholm, Sweden",
  Year = 	 "1998"
}

@Article{Emmons,
  author =       "Emmons, H. W.",
  title  =       "The laminar-turbulent transition in a boundary layer
- {P}art {I}.",
  journal =      "J. Aero. Sci.",
  volume  =      "18",
  pages   =      "490--498",
  year    =      "1951"
}

@Article{Erlebacher-Hussaini,
  author =       "Erlebacher, G. and Hussaini, M. Y.",
  title  =       "Numerical experiments in supersonic boundary-layer
stability.",
  journal =      pfa,
  volume  =      "2",
  pages   =      "94--104",
  year    =      "1990"
}

@Article{Fales,
  author =       "Fales, E. N.",
  title  =       "A new laboratory technique for investigation of the
origin of fluid turbulence.",
  journal =      "J. Franklin Inst",
  volume  =      "259",
  pages   =      "491",
  year    =      "1955"
}

@Article{Farrell,
  author =       "Farrell, B. F.",
  title  =       "Optimal excitation of perturbations in viscous shear flow",
  journal =       pf,
  volume =       "31",
  pages =        "2093--2102",
  year    =      "1988"
}
 
@Article{Farrell:baroclinic,
  author =       "Farrell, B. F.",
  title  =       "The initial growth of disturbances in a baroclinic flow",
  journal =       "J. Atmos. Sci.",
  volume =       "46",
  pages =        "1193",
  year    =      "1989"
}
 
@Article{Farrell-Ioannou,
  author =       "Farrell, B. F. and Ioannou, P. J.",
  title  =       "Optimal excitation of three dimensional perturbations
in viscous constant shear flow",
  journal =       pfa,
  volume =       "5",
  pages =        "1390--1400",
  year    =      "1993"
}

@Article{Farrell-Moore,
  author =       "Farrell, B. F. and Moore, A. M.",
  title  =       "An adjoint method for obtaining the most rapidly
growing perturbations to oceanic flows",
  journal =       "J. Phys. Ocean.",
  volume =       "22",
  pages =        "338",
  year    =      "1992"
}

@Article{Fasel-Konzelmann,
  author =      "Fasel, H. and Konzelmann, U.",
  Title =       "Non-parallel stability of a flat-plate boundary layer using 
                 the complete {N}avier--{S}tokes equations",
  Journal =      jfm,
  pages =       "311--347",
  Volume =      "221",
  Year =        "1990"
}

@Article{Fasel-Thumm,
author	= "Fasel, H. and Thumm, A.",
title	= "Direct numerical simulation of three-dimensional breakdown
in supersonic boundary layer transition.",
journal	= "Bull. Am. Phys. Soc.",
pages	= "2701",
volume	= "36",
year	= "1991"
}


@INPROCEEDINGS{Fasel-Thumm-Bestek,
  author =       "Fasel, H. and Thumm, A. and Bestek, H",
  Title   =      "Direct numerical simulation of transition in supersonic boundary layers: Oblique Breakdown.",
  Booktitle =    "Transitional and turbulent compressible flows",
  editor =       "Kral, L.D. and Zang, T.A.",
  pages =        "77-92",
  Year =         "1993"
}

@Article{Fasel-Rist-Konzelmann,
author        = "Fasel, H. and Rist, U. and Konzelmann, U.",
title = "Numerical investigation of the
three-dimensional development in boundary layer transition.",
journal       = "AIAA J.",
pages = "29--37",
volume        = "28",
year  = "1990"
}

@Article{Finlay,
  author =      "Finlay, W. H.",
  Title =       "Perturbation expansion and weakly nonlinear analysis for 
two dimensional vortices in curved or rotating channels", 
  Journal =      pfa,
  pages =       "854--860",
  Volume =      "1",
  number =       "5",
  Year =        "1989"
}

@Article{Finlay:jfm,
  author =      "Finlay, W. H.",
  Title =       "Transition to oscillatory motion in rotating channel flow", 
  Journal =      jfm,
  pages =       "209--227",
  Volume =      "215",
  Year =        "1990"
}

@Article{Finlay-Keller-Ferziger,
  author =      "Finlay, W. H. and Keller, J. B. and Ferziger, J. H.",
  Title =       "Instabilities and transition in curved channel flow.", 
  Journal =      jfm,
  pages =       "417--456",
  Volume =      "194",
  Year =        "1988"
}

@Article{Fisher-Dallmann,
  author =      "Fisher, T. M. and Dallmann, U.",
  Title =       "Primary and secondary stability analysis of a
three-dimensional boundary layer flow", 
  Journal =      pfa,
  pages =       "2378--2391",
  Volume =      "3",
  Year =        "1991"
}

@Article{Fjortoft,
author	= "Fj{\o}rtoft, R.",
title	= "Application of integral theorems in deriving criteria
for instability for laminar flows and for the baroclinic circular vortex.",
Journal	= "Geofys. Publ., Oslo",
pages	= "1--52",
volume	= "17",
number	= "6",
year	= "1950"
}


@Book{Fox-Parker,
  author =       "Fox, L. and Parker, I. B.",
  title =        "Chebyshev Polynomials in Numerical Analysis",
  publisher =    "Oxford University Press",
  year =         "1968",
}

@Article{Gad-el-Hak,
  author =      "Gad-el-Hak, M.",
  Title =       "Flow control",
  Journal =     "Appl. Mech. Rev.",
  pages =       "261--293",
  Volume =      "42",
  Number=       "10",
  Year =        "1989"
}

@Article{Gad-el-Hak:96,
  author =      "Gad-el-Hak, M.",
  Title =       "Modern developments in flow control",
  Journal =     "Appl. Mech. Rev.",
  pages =       "364--379",
  Volume =      "49",
  Number=       "7",
  Year =        "1996"
}

@Article{Gad-el-Hak-Hussain,
  author =      "Gad-el-Hak, M. and Hussain, A. K. M. F.",
  Title =       "Coherent structures in a turbulent boundary layer.
Part 1: Generation of artificial bursts",
  Journal =      pf,
  pages =       "2124--2139",
  Volume =      "29",
  Year =        "1986"
}

@Article{Gad-el-Hak-Blackwelder-Riley,
  author =      "Gad-el-Hak, M. and Blackwelder, R. F. and Riley, J. J.",
  Title =       "On the growth of turbulent regions in laminar
boundary layers",
  Journal =      jfm,
  pages =       "73--95",
  Volume =      "110",
  Year =        "1981"
}


@Article{Gailitis-Lielausis,
author  = "Gailitis, A. K. and Lielausis, O. A.",
title	= "On the possibility of drag reduction of a flat plate in an electrolyte.",
Journal = "Trudy Instituta Fisiky Akademii Nauk. Latviisky SSR",
volume	= "12",
pages	= "143--146",
Year	= "1961",
Note    = "(in Russian)",
}

@Article{Galdi-Straughan,
author  = "Galdi, G. P. and Straughan, B.",
title	= "Exchange of Stabilities, symmetry, and nonlinear stability.",
Journal = "Arch. Rat. Mech. Anal.",
volume	= "89",
pages	= "211--228",
Year	= "1985"
}

@InProceedings{Gaponenko-etal,
  author = 	"Gaponenko, V. R. and Ivanov, A. V. and Kachanov, Y. S.",
  title = 	"Experimental study of cross-flow instability of a
swept-wing boundary layer with respect to traveling waves",
  editors =     "Kobayashi, R.",
  booktitle = 	"Laminar-Turbulent Transition",
  pages = 	"373-380",
  year = 	"1995",
}

@Article{Gaster:1962,
  author =      "Gaster, M.",
  Title =       "A note on the relation between temporally-increasing
and spatially-increasing disturbances in hydrodynamic stability",
  Journal =      jfm,
  pages =       "222--224",
  Volume =      "14",
  Year =        "1962"
}

@Article{Gaster,
  author =      "Gaster, M.",
  Title =       "A theoretical model for the development of a wave
		 packet in a laminar boundary layer.", 
  Journal =      prsl,
  pages =       "271--289",
  Volume =      "347",
  Year =        "1975"
}

@Article{Gaster:1982prsl,
  author =      "Gaster, M.",
  Title =       "The development of a two-dimensional wave-packet in a
                 growing boundary layer.", 
  Journal =      prsl,
  pages =       "317--332",
  Volume =      "384",
  Year =        "1982"
}

@Article{Gaster:non-parallel-bl,
  author =      "Gaster, M.",
  Title =       "On the effects of boundary-layer growth on flow stability",
  Journal =      jfm,
  pages =       "465--480",
  Volume =      "66",
  Year =        "1974"
}

@Article{Gaster:1968,
  author =      "Gaster, M.",
  Title =       "The development of three-dimensional wave packets in
                 a boundary layer",
  Journal =      jfm,
  pages =       "173--184",
  Volume =      "32",
  Year =        "1968"
}

@Article{Gaster:1982,
  author =      "Gaster, M.",
  Title =       "Estimates of the errors incurred in various
                 asymptotic representations of wave packets",
  Journal =      jfm,
  pages =       "365--377",
  Volume =      "121",
  Year =        "1982"
}

@Article{Gaster-Grant,
  author =      "Gaster, M. and Grant, I.",
  Title =       "An experimental investigation of the formation and
		 development of a wave packet in a laminar boundary layer.", 
  Journal =      prsl,
  pages =       "253--269",
  Volume =      "347",
  Year =        "1975"
}

@misc{Gaster:1966,
  author =      "Gaster, M.",
  title =       "The structure and behaviour of laminar separation bubbles",
  howpublished ="AGARD CP-4, Pt 2.",
  year =        "1966"
}

@INCOLLECTION{Gaster:1980,
  author =      "Gaster, M.",
  Title   =     "Estimates of the errors incurred in various
		 asymptotic representations of wave packets", 
  Booktitle =   "Laminar-Turbulent transition",
  editor =      "Eppler and Fasel",
  publisher =   "Springer",
  pages =       "14--16",
  year =        "1980"
}

@Article{Gathmann-SiAmeur-Mathey,
  author =      "Gathmann, R. J. and Si-Ameur, M. and Mathey, F.",
  Title =       "Numerical simulations of three-dimensional natural transition 
in the compressible confined shear layer.", 
  Journal =      pfa,
  pages =       "2946--2968",
  Volume =      "5",
  Year =        "1993"
}

@Article{Gebhardt-Grossmann,
  author =       "Gebhardt, T. and Grossmann, S.",
  title =        "Chaos transition despite linear stability",
  journal =      "Phys. Rev. E",
  year =         "1994",
  volume =       "50",
  pages =        "3705",
}


@Article{Gatski-Speziale,
  author =       "Gatski, T.B. and Speziale, C.G.",
  title =        "On explicit algebraic stress models for 
                  complex turbulent flows",
  journal =       jfm,
  year =         1993,
  volume =       254,
}


@INCOLLECTION{Gilbert-Kleiser,
author =         "Gilbert, N. and Kleiser, L. ",
Title   =        "Subcritical transition to turbulence in channel flow.",
Booktitle =      "Direct and large eddy simulations of turbulent flows",
editor =         "Schumann and Friedrich",
publisher =      "Springer-Verlag",
note =           "Notes on numerical fluid mechanics. Vol 15",
Year =           "1986"
}

@INCOLLECTION{Gilbert-Kleiser:1990,
author =         "Gilbert, N. and Kleiser, L. ",
Title   =        "Near-wall phenomena in transition to turbulence.",
Booktitle =      "Near-Wall Turbulence: 1988 Zoran Zaric Mem.\ Conf.",
editor =         "Kline, S. J. and Afgan, N. H.",
publisher =      "Hemisphere",
pages =           "7--27",
Year =           "1990"
}

@techreport{Gilbert,
author  = {Gilbert, N.},
  Title =     "{Numerische Simulation der Transition von der laminaren in
die turbulente Kanalstr\"{o}mung}",
Institution = "{DFVLR, G\"{o}ttingen, Germany}",
number      = "{DFVLR-FB 88-55}",
year  = {1988}
}

@Article{Givioli,
  author =   "D. Givioli",
  title  =   "Non-reflecting Boundary Conditions",
  journal =  jcp,
  volume =   "94",
  year =     "1991",
}

@Article{Glezer,
  author =       "Glezer, Ari and Kadioglu, Zafer and Perlstein, Arne, J.",
  title =        "Development of an extended proper orthogonal
                  decomposition and its application to a time
                  periodically forced plane mixing layer",
  journal =      pfa,
  year =         "1989",
  volume =       "1",
  number =       "8",
  pages =        "1363--1373"
}

@Article{Goldstein-Hultgren,
  author =       "Goldstein, M. E. and Hultgren, L. S.",
  title =        "Boundary-layer receptivity to long-wave free-stream
                  disturbances ",
  journal =       annrev,
  year =         "1989",
  volume =       "21",
  pages =        "137--166"
}

@Article{Goldstein1983,
  author =       "Goldstein, M. E.",
  title =        "The evolution of {Tollmien-Schlichting} waves near a 
leading edge",
  journal =       jfm,
  year =         "1983",
  volume =       "127",
  pages =        "59--81"
}

@Article{Goldstein:separation,
  author =       "Goldstein, M. E.",
  title =        "Generation of instability waves in flows separating
from smooth surfaces",
  journal =       jfm,
  year =         "1984",
  volume =       "145",
  pages =        "71--94"
}

@Book{Golub-van-Loan,
  author =      "Golub, Gene H.  and van Loan, Charles F. ",
  title =       "Matrix Computations",
  publisher =   "Johns Hopkins University Press",
  year =        "1983",
}

@InCollection{Gottlieb-Hussaini-Orszag,
  author = 	"Gottlieb, D. and Hussaini, M. Y. and Orszag, S. A.",
  booktitle = 	"Spectral Methods for Partial Differential Equations",
  title = 	"Theory and Applications of Spectral Methods",
  publisher = 	"SIAM-CMBS",
  year = 	"1984",
  editor = 	"Voigt, D. G. and Gottlieb, D. and Hussaini, M. Y.",
  pages = 	"1--54",
}

@Article{Gorkov,
author	= {Gor'kov, L. P.},
Title	= {Stationary convection in a plane liquid layer near the critical heat transfer point.},
Journal = {Zh. Eksp. Teor. Fiz.},
Year	= {1957},
pages	= {402--407},
volume	= {33},
note = 	"Translated in {\it Sov. Phys.-JETP} {\bf 6}, 311 -- 315 (1958)"
}

@Book{Gottlieb-Orszag,
  author = 	"Gottlieb, David and Orszag, Steven  A.",
  title = 	"Numerical Analysis of Spectral Methods: Theory and
		 Applications ",
  publisher = 	"SIAM",
  year = 	"1977",
}

@misc{Gray,
  author =      "Grey, W. E.",
  title =       "The effect of wing sweep on laminar flow",
  howpublished ="RAE TM Aero 255",
  year =        "1952"
}

@Misc{Greengard,
  author = 	"Greengard, Leslie",
  title = 	"Spectral Integration and two-point boundary value
		 problems ",
  year = 	"1988",
  note = 	"Yale University, Department of Computer Science
		 Research Report YALEU/DCS/RR-646"
}

@Article{Greengard:siam,
  author = 	"Greengard, Leslie",
  title = 	"Spectral Integration and two-point boundary value
		 problems ",
  journal = 	"SIAM J. Numer. Anal.",
  volume =      "28",
  pages  =      "1071--1080",
  year  =       "1991"
}

@Article{Gregory-Stuart-Walker,
  author =      "Gregory, N. and Stuart, J. T. and Walker, W. S.",
  title =       "On the stability of three-dimensional boundary layers
with applications to flow due to a rotating disc",
  journal =     "Phil. Trans. R. Soc. Lond. A",
  pages =       "155--199",
  volume =      "248",
  year =        "1955"
}


@misc{Gresko,
  author =      "Gresko, L. S.",
  title =       "Characteristics of wall pressure and near-wall
		 velocity in a flat plate turbulent boundary layer",
  howpublished ="FDRL Report 88-2. Department of Aeronautics and
		 Astronautics, Massachusetts Institute of Technology",
  year =        "1988"
}

@misc{Grohne,
  author =      "Grohne, D.",
  title =       "{Die Stabilit\"at der ebenen Kanalstr\"omung gegen\"uber
dreidimensionalen St\"orungen von endlicher Amplitude}",
  howpublished ="{AVA G\"ottingen Rep. 69 A 30.}",
  year =        "1969"
}


@Article{Grosch-Salwen,
  author =      "Grosch, Chester E. and Salwen, Harold",
  title =       "The continuous spectrum of the {Orr-Sommerfeld} equation.
                 {Part 1}. {T}he spectrum and the eigenfunctions.",
  journal =     jfm,
  pages =       "33--54",
  volume =      "87",
  year =        "1978"
}

@Article{Gulyaev,
  author =     {Gulyaev, A. N. and Kozlov, v. e. and Kuznetsov, V. R. and
		  Mineev, B. I. and Sekunov, A. N.},
  title =      {Interaction of a laminar boundary layer with external 
                turbulence.},
  journal =    {Izv. Akad. Nauk SSSR, Mekh. Zhid. Gaza},
  volume =     {5},
  pages =      {55--65},
  year =       {1989}, 
  comment =    {in Russian, English transl. 1990 in {\it J. Fluid
		  Mech.} {\bf 250}, 169-207.}
}

@PHDTHESIS{Gustavsson,
  author =      "Gustavsson, L. Hakan",
  title  =      "On the evolution of disturbances in boundary layer flows",
  School = 	"Royal Institute of Technology",
  Address = 	"Stockholm, Sweden",
  note  =       "(TRITA-MEK 78-02)",
  Year = 	"1978"
}

@Article{Gustavsson:1991,
  author =      "Gustavsson, L. H.",
  title =       "Energy growth of three-dimensional disturbances in
                 plane {Poiseuille} flow",
  journal =     jfm,
  pages  =      "241--260",
  volume =      "224",
  year =        "1991"
}

@Article{Gustavsson-Hultgren,
  author =      "Gustavsson, L. Hakan and Hultgren, L. S.",
  title =       "A resonance mechanism in plane {Couette} flow",
  journal =     jfm,
  pages  =      "149--159",
  volume =      "98",
  year =        "1980"
}

@Article{Gustavsson:1979,
  author =      "Gustavsson, L. Hakan",
  title =       "Initial value problem for boundary layer flows",
  journal =     pf,
  pages =       "1602--1605",
  volume =      "22",
  year =        "1979"
}

@Article{Gustavsson:1981,
  author =      "Gustavsson, L. Hakan",
  title =       "Resonant growth of three-dimensional disturbances in 
                 plane {Poiseuille} flow",
  journal =     jfm,
  pages =       "253--264",
  volume =      "112",
  year =        "1981"
}

@misc{Gustavsson-Ogren,
  author =      "Gustavsson, L. H. and {\"O}gren, J.-E.",
  title =       "Observations of turbulent spots on a water table.",
  howpublished ="TECHNICAL REPORT 1982:039 T, Department of Mechanical 
Engineering, Lule{\aa} University of Technology, Sweden",
  year =        "1982"
}

@Article{Gustavsson:Poiseuille-resonances,
  author =      "Gustavsson, L. Hakan",
  title =       "Excitation of direct resonances in plane {Poiseuille} flow",
  journal =     siam,
  pages =       "227--248",
  volume =      "75",
  year =        "1986"
}

@Article{Gustavsson:pipe-resonances,
  author =      "Gustavsson, L. Hakan",
  title =       "Direct resonances of nonaxisymmetric disturbances 
                 in pipeflow",
  journal =     siam,
  pages =       "95--108",
  volume =      "80",
  year =        "1989"
}

@Article{Haidvogel-Zang,
  author = 	"Haidvogel, Dale B. and Zang, Thomas",
  title = 	"The accurate solution of {Poisson's} equation by
		 expansion in {Chebyshev} polynomials",
  journal = 	jcp,
  year = 	"1979",
  volume = 	"30",
  pages = 	"167--180",
}

@Article{Haj-Hariri,
  author = 	"Haj-Hariri, H.",
  title = 	"Transformations reducing the order of the parameter
in differential eigenvalue problems",
  journal = 	jcp,
  year = 	"1988",
  volume = 	"77",
  pages = 	"472--484",
}

@Article{Hall-Horseman,
  author = 	"Hall, P. and Horseman, N. J.",
  title = 	"The linear inviscid secondary instability of
longitudinal vortex structures in boundary layers",
  journal = 	jfm,
  year = 	"1991",
  volume = 	"232",
  pages = 	"357--375",
}

@Article{Hall,
  author = 	"Hall, P.",
  title = 	"The linear development of {G\"ortler} vorticies in
growing boundary layers",
  journal = 	jfm,
  year = 	"1983",
  volume = 	"130",
  pages = 	"41--58",
}

@misc{Hallback:mek,
author	    = {Hallb\"ack, M.},
title	 = {Development and critical evaluation of turbulence models through
direct numerical simulations of homogeneous turbulence.},
howpublished= "TRITA-MEK 93-02, Royal Institute of Technology,
Stockholm, Sweden.",
year	    = "1993",
}

@InProceedings{Hallback-Johansson,
  author =       {Hallb\"ack, M. and Johansson, A. V.},
  title = 	"Modelling of pressure-strain in Homogeneous turbulence",
  booktitle = 	"Advances in turbulence 4",
  year = 	"1992",
  address = 	"TU Delft, Holland",
}

@article{Hanifi-Henningson:1998,
author =         "Hanifi, A. and Henningson, D. S.",
Title   =        "The Compressible Inviscid Algebraic Instability for 
                  Streamwise Independent Disturbances.",
volume  =        "10",
journal =        pf,
pages =          "1784--1786",
Year =           "1998"
}

@INCOLLECTION{Hanifi-Schmid-Henningson,
author =         "Hanifi, A. and Schmid, P. J. and Henningson, D. S.",
Title   =        "Transient growth in compressible boundary layer flow.",
Booktitle =      "Bypass transition - proceedings from a mini-workshop",
editor =         "Henningson, D. S.",
note =           "{TRITA-MEK} Technical Report 1994:14, Royal 
Institute of Technology, Stockholm, Sweden.",
pages =          "51--65",
Year =           "1994"
}

@article{Hanifi-Schmid-Henningson:pf,
author =         "Hanifi, A. and Schmid, P. J. and Henningson, D. S.",
Title   =        "Transient growth in compressible boundary layer flow.",
volume  =        "8",
journal =        pf,
pages =          "51--65",
Year =           "1996"
}

@misc{HHHBS,
  author = 	 "Hanifi, A. and Henningson, D. S. and Hein, S. and
Bertolotti, F.P. and Simen, M.",
  title = 	 "Linear nonlocal instability analysis -- the linear
{NOLOT} code",
  howpublished = "FFA TN 1994-54, Technical Report from the
Aeronautical Research Institute of Sweden (FFA), Bromma.",
  year = 	 "1994",
}

@INPROCEEDINGS{Haritonidis-Gresko-Breuer,
author	= "Haritonidis, J. H. and Gresko, L. S. and Breuer, K. S.",
title	= "",
Booktitle = "",
address = "Dubrovnic",
year	= "1988"
}

@Article{Hall:1983,
  author = 	"Hall, P.",
  title = 	"The linear development of {G\"ortler} vortices in
                 growing boundary layers.",
  journal = 	jfm,
  year = 	"1983",
  volume = 	"130",
  pages = 	"41--59",
}

@Article{Hart,
  author = 	"Hart, J. E.",
  title = 	"Instability and transition in a rotating channel flow",
  journal = 	jfm,
  year = 	"1971",
  volume = 	"45",
  pages = 	"341",
}

@InProceedings{Harvey,
  author = 	"Harvey, W. D.",
  title = 	"Low Reynolds number aerodynamics research at {NASA} {Langley}
Reseach Center",
  booktitle = 	"Aerodynamics at low Reynolds numbers, $10^4<Re<10^6$",
  year = 	"1986",
  pages =       "19.1--19.49",
  publisher =   "Proceedings of the Royal Aeronautical Society",
}

@Article{Heinrichs,
  author = 	"Heinrichs, Wilhelm",
  title = 	"Improved conditions number for spectral methods",
  journal = 	"Math. Comp.",
  year = 	"1989",
  volume = 	"53",
  number = 	"187",
  pages = 	"103--119",
}

@Article{Heisenberg,
author	= "Heisenberg, W.",
title	= "{\"{U}ber Stabilit\"{a}t und Turbulenz von
           Fl\"{u}ssigkeitsstr\"{o}mungen}", 
journal	= "Ann. d. Phys.",
pages	= "577--627",
volume 	= "74",
note	= "[English translation: NACA TM 1291. (1951)]",
year	= "1924"
}

@Article{Henningson-Alfredsson,
  author = 	"Henningson, D. S. and Alfredsson, P. H.",
  title = 	"The wave structure of turbulent spots in plane
		 {Poiseuille} flow",
  journal = 	jfm,
  year = 	"1987",
  volume = 	"178",
  pages = 	"405",
}

@misc{Henningson:proceedings,
  author = 	 "Henningson, D. S. ",
  title = 	 "Bypass transition -- proceedings from a mini-workshop",
  howpublished = "{TRITA-MEK} 1994:14, Technical Report from the Royal
Institute of Technology, Stockholm, Sweden.",
  year = 	 "1994",
}

@misc{Henningson-Schmid:ICASE,
  author = 	 "Henningson, D. S. and Schmid, P. J.",
  title = 	 "A note on measures of disturbance size in spatially
evolving flows",
  howpublished = "Proceedings from the 1993 ICASE/NASA Langley Workshop
on the Transition to Turbulence",
  year = 	 "1993",
}

@Article{Henningson-Schmid:measures,
  author = 	 "Henningson, D. S. and Schmid, P. J.",
  title = 	 "A note on measures of disturbance size in spatially
evolving flows",
journal =        pf,
volume  =        "6",
pages =          "2862--2864",
  year = 	 "1994",
}

@Article{Henningson-Spalart-Kim,
author        = "Henningson, D. S. and Spalart, P. and Kim, J",
title = "Numerical simulations of turbulent spots in plane
           {P}oiseuille and boundary layer flows",
journal       = pf,
pages = "2914--2917",
volume        = "30",
year  = "1987"
}

@Article{Henningson-Johansson-Alfredsson,
author        = "Henningson, D. S. and Johansson, A. V. and
Alfredsson, P. H.",
title = "Turbulent spots in channel flows",
journal       = "J. Eng. Mech.",
pages = "21--42",
volume        = "28",
year  = "1994"
}

@Article{Henningson-Gustavsson-Breuer,
author        = "Henningson, D. S. and Gustavsson, L. H. and Breuer,
K. S.",
title = "Localized disturbances in parallel shear flows",
journal       = "Appl. Sci. Res.",
pages = "51--97",
volume        = "53",
year  = "1994"
}

@Article{Henningson-Reddy,
author        = "Henningson, D. S. and Reddy, S. C.",
title = "On the role of linear mechanisms in transition to turbulence.",
journal       = pf,
year  = "1994",
pages = "1396--1398",
volume = "6",
}


@InProceedings{Henningson-Johansson-Lundbladh,
  author = 	"Henningson, D. S. and Johansson, A. V. and
		 Lundbladh, A.",
  title = 	"On the evolution of localized disturbances in laminar
		 shear flows",
  booktitle = 	"Laminar-Turbulent Transition",
  year = 	"1990",
  editor    =   "Arnal, D. and Michel, R.",
  publisher =   "Springer-Verlag",
  pages     =   "279--284",
}

@Article{Henningson:kinematic,
author	= "Henningson, D. S.",
title	= "Wave growth and spreading of a turbulent spot in plane
           {P}oiseuille flow",
journal	= pfa,
pages	= "1876--1882",
volume	= "1",
year	= "1989"
}

@InProceedings{Henningson:Stockholm,
  author = 	"Henningson, D. S.",
  title = 	"An eigenfunction expansion of localized disturbances",
  booktitle = 	"Advances in turbulence 3",
  year = 	"1991",
  address = 	"Stockholm",
  pages  =      "162--169" ,
  publisher =   "Springer-Verlag",
  editor =      "Johansson, A. V. and Alfredsson, P. H."
}

@InProceedings{Henningson:Siena,
  author = 	"Henningson, D. S.",
  title = 	"Bypass transition and linear growth mechanisms",
  booktitle = 	"Advances in turbulence V",
  year = 	"1995",
  pages  =      "190--204" ,
  publisher =   "Kluwer Academic Publishers",
  editor =      "Benzi, R."
}

@Article{Henningson:siam,
  author =      "Henningson, D. S.",
  title =       "The inviscid initial value problem for a piecewise linear
		 mean flow" ,
  journal =      siam,
  pages =       "31--56",
  volume =      "78",
  year =        "1988"
}

@Article{Henningson:Comment,
  author =      "Henningson, D. S.",
  title =       "Comment on ``{T}ransition in shear flows. {N}onlinear 
 normality versus non-normal linearity'' [Phys. FLuids 7 3060 (1995)]" ,
  journal =      pf,
  pages =       "2257--2258",
  volume =      "8",
  year =        "1996"
}

@misc{Henningson:spanwise,
author	    = {Henningson, D. S.},
title	 = {Stability of parallel inviscid shear flow with mean
spanwise variation},
howpublished= "FFA-TN 1987-57, Aeronautical Research Institute of Sweden, Bromma",
year	    = {1987},
}

@MastersThesis{Henningson:masters,
  author = 	"Henningson, D. S.",
  title = 	"Solution of the three-dimensional {Euler} equations
for the development of a flat eddy in a boundary layer",
  school = 	"Department of Aeronautics and Astronautics,
		 Massachusetts Institute of Technology",
  year = 	"1985",
  address = 	"Cambridge MA",
}

@PHDTHESIS{Henningson:phd,
  author =      "Henningson, D. S.",
  title = "The development of localized disturbances in plane
           Poiseuille flow",
  School = 	"Royal Institute of Technology",
  Address = 	"Stockholm, Sweden",
  Year = 	"1988"
}

@Article{Henningson-Schmid,
  author =      "Henningson, D. S. and Schmid, P. J.",
  title =       "Vector eigenfunction expansions for plane channel flows",
  journal =      siam,
  volume  =      "87",
  pages =        "15--43",
  year =        "1992"
}

@Article{Henningson-Kim,
  author = 	"Henningson, D. S. and Kim, J.",
  title = 	"On turbulent spots in plane
		 {Poiseuille} flow",
  journal = 	jfm,
  year = 	"1991",
  volume =      "228",
  pages =       "183--205"
}

@Article{Henningson-Lundbladh-Johansson:local,
  author = 	"Henningson, D. S. and Lundbladh, A. and Johansson, A. V.",
  title = 	"A mechanism for bypass transition from localized
disturbances in wall-bounded shear flows",
  journal = 	jfm,
  year = 	"1993",
  volume =      "250",
  pages =       "169--207"
}

@Article{Henningson-Lundbladh:crossflow,
  author = 	"Henningson, D. S. and Lundbladh, A.",
  title = 	"Transition in {F}alkner--{S}kan--{C}ooke flow.",
  journal = 	"Bull. Am. Phys. Soc.",
  year = 	"1994",
  volume =      "39",
  pages =       "1930"
}

@PHDTHESIS{Her,
  author =      "Her, J.",
  title =       "The relation between wall pressure and the flow
		 field in the wall region of a turbulent boundary layer", 
  school =      "Massachusetts Institute of Technology, Department of
		 Aeronautics and Astronautics", 
  year =        "1987"
}

@MISC{Herbert-Santos,
  author =       "Herbert, Th. and Santos, G. R.",
  title =        "On the Mechanism of Transition in Boundary Layers.",
  howpublished = "AIAA Paper 87-1201",
  year =         "1987"
}

@MISC{Herbert-Stuckert-Esfahanian,
  author =       "Herbert, T. and Stuckert, G. K. and Esfahanian, V.",
  title =        "Effects of free-stream turbulence on 
boundary layer transition .",
  howpublished = "AIAA Paper 93-0488",
  year =         "1993"
}

@misc{Herbert:Hab,
author	= "Herbert, T.",
Title   = "{Die {N}eutrale {F}l\"ache der {E}benen {P}oiseuille-{S}tr\"omung}",
howpublished = "Habilitationsschrift, {Universit\"at Stuttgart}",
Year	= "1977"
}

@Article{Herbert:1980,
  author = 	"Herbert, T.",
  title = 	"Nonlinear stability of parallel flows by high order amplitude
expansions",
  journal = 	"AIAA J.",
  year = 	"1980",
  volume = 	"18",
  pages = 	"243--248",
}

@Article{Herbert:1983,
  author = 	"Herbert, T.",
  title = 	"On perturbation methods in nonlinear stability theory",
  journal = 	jfm,
  year = 	"1983",
  volume = 	"126",
  pages = 	"167--186",
}

@Article{Herbert:1983a,
  author = 	"Herbert, T.",
  title = 	"Secondary instability of plane channel flow to subharmonic
                 three-dimensional disturbances",
  journal = 	pf,
  year = 	"1983",
  volume = 	"26",
  pages = 	"871--874",
}

@Article{Herbert:1983b,
  author = 	"Herbert, T.",
  title = 	"Subharmonic three-dimensional disturbances in unstable shear flows",
  howpublished = "AIAA Paper 83-1759",
  year = 	"1983",
}

@InProceedings{Herbert:Japan,
  author = 	"Herbert, T.",
  title = 	"Modes of secondary instability in plane {Poiseuille} flow",
  booktitle = 	"Turbulence and Chaotic Phenomena in Fluids",
  year = 	"1984",
  pages  =      "53--58" ,
  publisher =   "Elsevier",
  editor =      "Tatsumi, T."
}

@misc{Herbert:1984,
author	= "Herbert, Th.",
Title   = "Analysis of the subharmonic route to transition in 
		boundary layers.",
howpublished = "AIAA Paper 84-0009",
Year	= "1984"
}

@misc{Herbert:1985,
author	= "Herbert, Th.",
Title   = "Three dimensional phenomena in the transitional flat plate 
           boundary layer",
howpublished = "AIAA Paper 85-0489",
Year	= "1985"
}

@Article{Herbert:review,
  author = 	"Herbert, T.",
  title = 	"Secondary Instability of boundary layers",
  journal = 	"Ann. Rev. Fluid Mech.",
  year = 	"1988",
  volume = 	"20",
  pages = 	"487--526",
}

@Article{herbst:henningson:2005,
  author = 	"Astrid H. Herbst and Dan S. Henningson",
  title = 	"Periodic {I}nfluence of {P}eriodic {E}xcitation on a {T}urbulent {S}eparation {B}ubble",
  journal = 	"Flow, Turbulence and Combustion",
  year = 	"2006",
  volume = 	"76",
  number =      "1",
  pages = 	"1--21",
}

@Article{Herron,
  author = 	"Herron, I. H.",
  title = 	"The {Orr-Sommerfeld} equation on infinite intervals",
  journal = 	"SIAM Review",
  year = 	"1987",
  volume = 	"29",
  pages = 	"597--620",
}

@Article{Herron:1980,
  author = 	"Herron, I. H.",
  title = 	"A completeness observation on the stability equations
                 for stratified viscous shear flows",
  journal = 	 pf,
  year = 	"1980",
  volume = 	"23",
  pages = 	"836--837",
}

@Article{Herron:1991,
  author = 	"Herron, I. H.",
  title = 	"Observations on the role of vorticity in the stability
of wall bounded flows.",
  journal = 	"Stud. Appl. Math.",
  year = 	"1991",
  volume = 	"85",
  pages = 	"269--286",
}

@techreport{Hildings,
author	= "Hildings, C.",
title   = "Simulations of laminar and transitional separation bubbles",
year    = "1997",
institution = "Department of Mechanics, The Royal Institute of Technology, Stockholm, Sweden",
howpublished = "TRITA-MEK 1997:19",
}

@Article{jhoepffner:mchevalier:2003,
  author = 	 "J{\'e}r{\^o}me H{\oe}pffner and Mattias Chevalier and Thomas R. Bewley and Dan S. Henningson",
  title = 	 "State estimation in wall-bounded flow systems, {P}art {1}. {L}aminar flows.",
  journal =      jfm,
  year = 	 "2005",
  volume = 	 "534",
  number = 	 "",
  pages =        "263--294",
}

@Article{mhogberg:tbewley:dhenningson:2001,
  author =       "Markus {\noopsort{hz}}H{\"o}gberg and Thomas R. Bewley and Dan S. Henningson",
  title =        "Linear feedback control and estimation of transition in plane channel flow",
  journal =      jfm,
  year =         "2003",
  volume =       "481",
  number =       "",
  pages =        "149--175",
  month =        "",
  note =         "",
}

@Article{markus:relaminarization:2003,
  author = 	 "Markus {\noopsort{hz}}H{\"o}gberg and Thomas R. Bewley and Dan S. Henningson",
  title = 	 "Relaminarization of $\text{Re}_\tau$=100 turbulence using gain scheduling and linear state-feedback control",
  journal =      pfl,
  year = 	 "2003",
  volume = 	 "15",
  pages = 	 "3572--3575",
}

@Article{mhogberg:dhenningson,
  author =       "Markus {\noopsort{hz}}H{\"o}gberg and Dan S. Henningson",
  title =        "Linear optimal control applied to instabilities in spatially developing boundary layers.",
  journal =      jfm,
  year =         "2002",
  volume =       "470",
  number =       "",
  pages =        "151--179",
  month =        "",
  note =         "",
}

@Article{mhogberg:mchevalier:dhenningson:2003,
  author =       "Markus {\noopsort{hz}}H{\"o}gberg and Mattias Chevalier and Dan S. Henningson",
  title =        "Linear compensator control of a pointsource induced perturbation in a {F}alkner--{S}kan--{C}ooke boundary layer",
  journal =      pfl,
  year =         "2003",
  volume =       "15",
  number =       "8",
  pages =        "2449--2452",
  month =        "August",
  note =         "",
}

@TechReport{mhogberg:mchevalier:2001,
  author =       "Markus {\noopsort{hz}}H{\"o}gberg and Mattias Chevalier and Martin Berggren and Dan S. Henningson",
  title =        "Optimal control of wall bounded flows",
  institution =  "Computational Aerodynamics Department, Aeronautics Division, FOI",
  year =         "2001",
  type =         "Scientific Report",
  number =       "FOI-R{-}{-}0182{-}{-}SE",
  address =      "",
  month =        oct,
  note =         "",
}

@InProceedings{mhogberg:dhenningson:mberggren:2000,
  author =       "Markus {\noopsort{hz}}H{\"o}gberg and Dan S. Henningson and Martin Berggren",
  title =        "Optimal control of bypass transition",
  booktitle =    "Advances in turbulence VIII",
  year =         "2000",
  ISBN =         "",
  editor =       "Dopazo C.",
  OPTvolume =    "",
  OPTnumber =    "",
  OPTseries =    "",
  publisher =    "",
  OPTorganization = "",
  address =      "",
  OPTmonth =     "",
  OPTnote =      "",
  pages =        "",
  OPTacknowledgement = "",
  bibdate =      "Thu Apr 4 18:27:13 2002",
}

@techreport{Hogberg-Henningson,
author	= "H{\"o}gberg, M. and Henningson, D. S.",
title   = "Cross-flow vortices and their secondary instability in
           {Falkner--Skan--Cooke} boundary layers",
institution = {The Aeronautical Research Institute of Sweden (FFA)},
number	= {FFA TN 1996-60},
year	={1996}
}

@TechReport{alundbladh:sberling:mskote:1999,
  author =      "Anders Lundbladh and Stellan Berlin and Martin Skote and Casper Hildings and Jaisig Choi and John Kim and Dan S. Henningson",
  title =       "An {E}fficient {S}pectral {M}ethod for {S}imulations of {I}ncompressible {F}low over a {F}lat {P}late",
  institution = "Department of Mechanics, Royal Institute of Technology",
  year =        "1999",
  type =        "Technical Report",
  number =      "TRITA-MEK 1999:11",
  address =     "KTH",
  month =       "",
  note =        "",
}

@Article{Hogberg-Henningson:98,
author	=       "H{\"o}gberg, M. and Henningson, D. S.",
title	=       "Secondary instability of cross-flow vortices in {F}alkner--{S}kan--{C}ooke boundary layers",
journal =       jfm,
year =          "1998",
volume =        "368",
number =        "",
pages =         "339--357",
}

@Article{Hultgren-Gustavsson,
  author = 	"Hultgren, L. S. and Gustavsson, L. H.",
  title = 	"Algebraic growth of disturbances in a laminar boundary layer",
  journal = 	pf,
  year = 	"1981",
  volume = 	"24",
  pages = 	"1000--1004",
}

@Article{Itoh,
author	= "Itoh, N.",
title	= "Secondary instability of laminar flows",
journal	= prsl,
pages	= "565--578",
volume 	= "375",
year	= "1981"
}

@Article{Itoh:1987,
  author = 	"Itoh, N.",
  title = 	"Another route to the three-dimensional development of
		 {Tollmien-Schlichting} waves with finite amplitude",
  journal = 	jfm,
  year = 	"1987",
  volume = 	"181",
  pages = 	"1",
}

@Article{Jimenez-Moin,
  author = 	"Jimenez, J. and Moin, P.",
  title = 	"The minimal flow unit in near-wall turbulence",
  journal = 	jfm,
  year = 	"1991",
  volume = 	"225",
  pages = 	"213--240",
}

@Article{Jimenez-Whitham,
Author 	= "Jimenez, J. and Whitham, G. B.",
Title  	= "An averaged {L}agrangian method for dissipative wavetrains.",
Journal	= prsl,
Volume	= "349",
pages	= "277--287",
Year	= "1976"
}

@Article{Johansson-Alfredsson,
Author 	= "Johansson, A. V. and Alfredsson, P. H.",
Title  	= "On the structure of turbulent channel flow.",
Journal	= jfm,
Volume	= "122",
pages	= "295--314",
Year	= "1982"
}

@incollection{Johansson-Alfredsson-Eckelmann,
Author 	= "Johansson, A. V. and Alfredsson, P. H. and Eckelmann, H.",
Title  	= "On the evolution of shear layer structures in near wall
		 turbulence." ,
Booktitle = "Advances in Turbulence",
editor = "Compte-Bellot, G. and Mathieu, J.",
publisher = "Springer-Verlag",
pages	= "383--390",
Year	= "1987"
}

@INPROCEEDINGS{Johansson-Alfredsson-Kim,
author	= "Johansson, A. V. and Alfredsson, P. H. and Kim, J.",
title	= "Shear layer structure in near wall turbulence.",
Booktitle = "Proceedings of the 1987 summer program",
organization = "NASA / Stanford Center for turbulence research",
pages	= "237--251",
year	= "1987"
}

@Article{Johansson-Alfredsson-Kim:jfm,
author	= "Johansson, A. V. and Alfredsson, P. H. and Kim, J.",
title	= "Evolution and dynamics of shear-layer structures in
near-wall turbulence.",
journal = jfm,
volume  = "224",
pages	= "579--599",
year	= "1991"
}

@PHDTHESIS{Johansson:Christer, 
  Author = 	"Johansson, C. ",
  Title = 	"Initial-boundary value problems for incompressible
fluid flow",
  School = 	"Uppsala University",
  Address = 	"Uppsala, Sweden",
  Year = 	"1991"
}

@Article{Johansson-Her-Haritonidis,
author  = "Johansson, A. V. and Her, J. and Haritonidis, J. H.",
title	= "On the generation of high amplitude wall-pressure peaks in 
		turbulent boundary layers and spots.",
Journal = jfm,
volume	= "175",
pages	= "119--142",
Year	= "1987"
}

@Article{Johansson-Hallback,
author  = {Johansson, A. V. and Hallb\"ack, M.},
title	= {Modelling of rapid pressure-strain in Reynolds stress closures},
journal = jfm,
note	= "(to appear)",
Year	= "1994"
}

@InProceedings{Johansson-Wallin,
  author = "Johansson, A.V. and Wallin, S.",
  year   = "1996",
  title  = "A new explicit algebraic Reynolds stress model.",
  booktitle = "Advances in Turbulence VI",
  editor    = "Gavrilakis, S. and Machiels, L. and Monkewitz, P.A.",
  publisher = "Kluwer Academic Publishers",
  pages     = "31--34",
}
 
@InProceedings{Joslin-Streett-Chang:proc,
  author = 	"Joslin, R. D. and Streett, C. L. and Chang, C. L.",
  title = 	"Oblique wave breakdown in an incompressible boundary layer
computed by spatial DNS and PSE theory",
  booktitle = 	"Instability, Transition and Turbulence",
  year = 	"1992",
  editor    =   "Hussaini, M. Y. and Kumar, A. and Streett, C. L.",
  publisher =   "Springer-Verlag",
  pages     =   "304--310",
}

@Article{Joslin-Streett-Chang,
  author =    "Joslin, R. D. and Streett, C. L. and Chang, C. L.",
  title =     "Spatial Direct Numerical Simulations of Boundary-Layer
Transition Mechanisms: Validation of {PSE} Theory.",
  journal =   "Theoret. Comput. Fluid Dyn.",
  year =      "1993",
  volume =    "4",
  pages =     "271--288",
}

@Article{Jordinson,
author  = "Jordinson, R.",
title	= "The flat plate boundary layer. {Part 1}.  {Numerical} integration 
of the {Orr-Sommerfeld} equation",
Journal = jfm,
volume	= "43",
pages	= "801--811",
Year	= "1970"
}

@Article{Joseph:1965,
author  = "Joseph, D. D.",
title	= "On the stability of the {Boussinesq} equations.",
Journal = "Arch. Rat. Mech. Anal.",
volume	= "20",
pages	= "59--71",
Year	= "1965"
}

@Article{Joseph:1966,
author  = "Joseph, D. D.",
title	= "Nonlinear stability of the {Boussinesq} equations by the 
energy method.",
Journal = "Arch. Rat. Mech. Anal.",
volume	= "22",
pages	= "163--184",
Year	= "1966"
}

@Article{Joseph:1968,
author  = "Joseph, D. D.",
title	= "Eigenvalue bounds for the {Orr-Sommerfeld} equation",
Journal = jfm,
volume	= "33",
pages	= "617--621",
Year	= "1968"
}

@Article{Joseph:1969,
author  = "Joseph, D. D.",
title	= "Eigenvalue bounds for the {Orr-Sommerfeld} equation. {Part} 2",
Journal = jfm,
volume	= "36",
pages	= "721--734",
Year	= "1969"
}

@Article{Joseph-Carmi,
author  = "Joseph, D. D. and Carmi, S.",
title	= "Stability of {Poiseuille} flow in pipes, annuli and channels.",
Journal = "Quart. Appl. Math.",
volume	= "26",
pages	= "575--599",
Year	= "1969"
}

@Book{Joseph:book,
  author = 	"Joseph, D. D.",
  title = 	"Stability of Fluid Motions I",
  publisher = 	"Springer",
  year = 	"1976"
}

@Article{KachanovKL,
author	= "Kachanov, {Yu} S. and Kozlov, V.V. and  Levchenko, V. {Yu}",
Title   = "Nonlinear development of a wave in a boundary layer",
Journal	= "Izv. Akad. Nauk SSSR, Mekh. Zhidk. Gaza" ,
pages	= "49--53",
Volume  = "3",
Year	= "1977",
Note = "(in Russian)",
}

@Article{Kachanov:rev,
author	= "Kachanov, {Yu} S.",
Title   = "Physical mechanisms of laminar-boundary-layer transition",
Journal = annrev,
pages   = "411--482",
Volume  = "26",
Year    = "1994",
}

@Article{Kachanov-Levchenko,
author	= "Kachanov, {Yu} S. and  Levchenko, V. {Yu}",
Title   = {The resonant interaction of disturbances at laminar 
turbulent transition in a boundary layer},
Journal	= jfm,
pages	= "209--247",
Volume  = "138",
Year	= "1984",
}


@InProceedings{KachanovKLM79,
  author	= "Kachanov, Yu.S. and Kozlov, V.V. and Levchenko, V.Y. and Maksimov, V.P.",
  title   = {Transformation of external disturbances into the 
boundary layer waves.},
  booktitle = 	"Proc. Sixth. Intl. Conf. on Numerical Methods in Fluid Dyn.", 
  year = 	"1979",
  address = 	" ",
  publisher = 	"Springer-Verlag",
  pages	= "299--307"
}


@Article{Kaiktsis-Karniadakis-Orszag,
  author = 	"Kaiktsis, L and Karniadakis, G. E. Orszag, S. A.",
  title = 	"Onset of three-dimensionality, equilibria and early
transition in flow over a backward-facing step",
  journal = 	jfm,
  year = 	"1991",
  pages =       "501--528",
  volume = 	"231",
}

@Article{Karniadakis-Israeli-Orszag,
  author = 	{Karniadakis, George E. and Israeli, Moshe and Orszag,
		 Steven A.},
  title = 	"High-Order splitting methods for incompressible
		 {Navier--Stokes} equations",
  journal = 	jcp,
  year = 	"1990",
  note = 	"(Submitted)"
}

@Book{Kato,
  author = 	"Kato, T.",
  title = 	"Perturbation Theory for Linear Operators",
  publisher = 	"Springer-Verlag, Berlin",
  year = 	"1976"
}

@techreport{Kawakami-Elofsson-Alfredsson,
  author = 	"Kawakami, M. and Elofsson, P. and Alfredsson, P. H.",
  title = 	"Experiments on the Stability of Streamwise Streaks in Plane Poiseuille Flow.",
  year = 	"1997",
  institution = "Department of Mechanics, The Royal Institute of Technology, Stockholm, Sweden",
  howpublished = "TRITA-MEK 1997:16",
}

@Misc{Katz-Nishri-Wygnanski,
  author = 	"Katz, Y. and Nishri, B. and Wygnanski, I",
  title = 	"The delay of turbulent boundary layer separation by
		 oscillatory active control",
  year = 	"1989",
  howpublished = "AIAA Paper 89-975",
}

@Article{Keefe:channel,
  author = 	"Keefe, Laurence",
  title = 	"Comparison of calculated and predicted forms for
		 Lyapunov spectra of {Navier Stokes} solutions",
  journal = 	"Bull. Am. Phys. Soc.",
  year = 	"1989",
  volume = 	"34",
  number = 	"10",
  pages = 	"2296",
}

@Article{Kelvin,
  author = 	"Kelvin, Lord",
  title = 	"Stability of fluid motion - Rectilinear motion of a
                 viscous fluid between two parallel planes",
  journal = 	"Philosophical Magazine",
  year = 	"1887",
  volume = 	"24",
  pages = 	"188-196",
}

@misc{Kendall-85,
author = {Kendall, J. M.},
title = {Experimental study of disturbances produced in a
                pre-transitional laminar boundary layer by weak
                freestream turbulence.},
howpublished = {AIAA Paper 85-1695},
year  = {1985}
}

@misc{Kendall-90,
author = {Kendall, J. M.},
title = {Boundary layer receptivity to Freestream Turbulence.},
howpublished = {AIAA Paper 90-1504},
year  = {1990}
}

@INPROCEEDINGS{Kendall91,
Author 	= {Kendall, J.M.},
Title  	= {Studies on laminar boundary layer receptivity to 
freestream turbulence near a leading edge.},
Booktitle = {Boundary layer stability and transition to turbulence}, 
editor = {Reda, D.C. and Reed, H.L. and Kobayashi, R.},
howpublished = {ASME FED},
volume = {114},
Year	= {1991}
}

@misc{Kerschen-89,
author = {Kerschen, E. J.},
title = {Experimental study of disturbances produced in a
                pre-transitional laminar boundary layer by weak
                freestream turbulence.},
howpublished = {AIAA Paper 85-1695},
year  = {1985}
}

@Article{Kerschen,
  author  = 	{Kerschen, E. J.},
  title   = 	"Boundary layer receptivity theory",
  journal = 	"Appl Mech Rev",
  volume  = {43},
  number  = {5, Part 2},
  pages   = {S152-157},
  year    = 	"1990",
}

@Book{Kevorkian,
  author = 	"Kevorkian, J.",
  title = 	"Partial Differential Equations: Analytic Solutions
Techniques",
  publisher = 	"Wadsworth \& Brooks/Cole Mathematics Series",
  year = 	"1990"
}

@Article{Kim-Kline-Reynolds,
Author 	= {Kim, H. T. and  Kline, S. J. and Reynolds, W. C.},
Title  	= {The Production of Turbulence Near a Smooth Wall in a 
		Turbulent Boundary Layer.},
Journal	= jfm,
Volume	= {50},
Year	= {1971},
Pages   = {133}
}

@Article{Kim-Moin-Moser,
Author 	= {Kim, J. and Moin, P. and Moser, R.},
Title  	= {Turbulence statistics in fully developed channel flow},
Journal	= jfm,
Volume	= {177},
pages	= {133--166},
Year	= {1987}
}

@Article{Kim-Moin:1985,
author	= { Kim, J. and Moin, P. },
title	= {The structure of the vorticity field in turbulent channel 
flow. Part 1. Study of ensemble averaged fields},
journal	= jfm,
pages	= {339},
volume 	= {162},
year	= {1985}
}

@Article{Kim:structures,
Author 	= {Kim, J.},
Title  	= {Turbulent structures associated with the bursting event.},
Journal	= pf,
Volume	= {28},
number	= {1},
pages	= {52--58},
Year	= {1985}
}

@Article{Kim-Moser,
Author        = {Kim, J. and Moser, R.},
Title         = {On the secondary instability in plane {Poiseuille} flow.},
Journal       = pfa,
Volume        = {1},
pages = {775--777},
Year  = {1989}
}

@Article{Kim-LBLC:95,
  author =       "Kim, J. and Lee, C. and Berger, T. and Lim, J. and Choi, H.",
  title  =       "Effects of electro-magnetic force on near-wall turbulence",
  journal =      "Bull. Am. Phys. Soc.",
  volume  =      "40",
  pages   =      "1989",
  year    =      "1995"
}

@Article{Kim-LBLC:96,
  author =       "Kim, J. and Lee, C. and Berger, T. and Lim, J. and Choi, H.",
  title  =       "Turbulence control using electro-magnetic forces",
  journal =      "Bull. Am. Phys. Soc.",
  volume  =      "41",
  pages   =      "1719",
  year    =      "1996"
}

@misc{Klebanoff-Tidstrom,
author	= {Klebanoff, P. S. and Tidstrom, K. D.},
Title   = {Evolution of amplified waves leading to transition
in a boundary layer with zero pressure gradient.},

howpublished = {NASA TN D-195},
Year	= {1959}
}

@Article{Klebanoff-Tidstrom-Sargent,
author	= {Klebanoff,P. S. and Tidstrom, K. D. and Sargent, L. M.},
Title   = {The three-dimensional nature of boundary layer instability},
Journal	= jfm,
pages	= {1--34},
Volume  = {12},
Year	= {1962}
}

@Article{Klebanoff,
author	= "Klebanoff, P. S.",
title	= "Effect of freestream turbulence on the laminar boundary layer",
journal	= "Bull. Am. Phys. Soc.",
pages	= "1323",
volume	= "10",
year	= "1971"
}


@misc{Kleiser-Laurien,
author	= {Kleiser, L. and Laurien, E.},
title	= {Numerical investigation of interactive transition control.},
howpublished = {AIAA Paper 85-0566},
year	= {1985}
}

@Article{Kleiser-Zang,
  author = 	"Kleiser, L. and Zang, T. A.",
  title = 	"Numerical simulation of transition in wall-bounded
                 shear flows",
  journal = 	"Ann. Rev. Fluid Mech.",
  year = 	"1991",
  volume = 	"23",
  pages = 	"495--537",
}

@Article{Kline-Reynolds-Schraub-Runstadler,
Author 	= {Kline, S. J. and Reynolds, W. C. and Schraub, F. A. and
Runstadler, P. W.},
Title  	= {The structure of turbulent boundary layers},
Journal	= jfm,
Volume	= {30},
Year	= {1967},
Pages   = {741},
}

@Article{Klingmann-Alfredsson:1991,
Author 	= {Klingmann, G. B. and Alfredsson, P. H.},
Title  	= {Turbulent spots in plane {Poiseuille} flow -- measurements of 
the velocity field.},
Journal	= pfa,
Volume	= {2},
Year	= {1990},
Pages   = {2183--2195},
}

@InProceedings{Klingmann-Alfredsson,
  author = 	"Klingmann, B. and Alfredsson, P. H.",
  title = 	"On the development of turbulent spots in plane
		 {Poiseuille} flow",
  booktitle = 	"Proceedings of the Third IUTAM Symposium on
		 Laminar-Turbulent Transition", 
  year = 	"1989",
  address = 	"Toulouse",
  publisher = 	"Springer-Verlag",
  note = 	"(In press)"
}

@PHDTHESIS{Klingmann, 
  Author = 	"Klingmann, Barbro G. B.",
  Title = 	"Laminar-turbulent transition in plane {Poiseuille} flow",
  School = 	"Royal Institute of Technology",
  Address = 	"Stockholm, Sweden",
  Year = 	"1991"
}

@Article{Klingmann:1992,
  author = 	"Klingmann, B. G. B.",
  title = 	"On transition due to three-dimensional disturbances
in plane {Poiseuille} flow",
  journal = 	jfm,
  year = 	"1992",
  pages = "167--195",
  volume = 	"240",
}

@Article{KlingmannBWKA,
  author = 	"Klingmann, B. G. B. and Boiko, A.V. and Westin, K.J.A.
             and Kozlov, V.V. and Alfredsson, P.H.",
  title = 	"Experiments on the stability of {T}ollmien-{S}chlichting waves",
  journal = 	"Eur. J. Mech., B/Fluids",
  year = 	"1993",
  pages = "493--514",
  volume = 	"12",
}

@misc{Kloker-Fasel,
  author =      "Kloker, M. and Fasel, H.",
  title  =      "Numerical simulation of transition in a boundary layer with strong adverse
pressure gradient",
  howpublished  = "Ninth Symposium on Turbulent Shear Flows, Kyoto, Japan",
  Year = 	"1993"
}


@Article{Kobayashi-Kohama-Kurosawa,
  author = 	"Kobayashi, R. and Kohama, Y. and Kurosawa, M.",
  title = 	"Boundary layer transition on a rotating cone in axial
flow",
  journal = 	jfm,
  year = 	"1983",
  pages =       "341--352",
  volume = 	"127",
}

@Article{Korczak-Patera,
  author = 	"Korczak, K. Z. and Patera, A. T.",
  title = 	"XXX",
  journal = 	jcp,
  year = 	"1986",
  volume = 	"62",
}

@INPROCEEDINGS{Kovasznay-Komoda-Vasudeva,
Author 	= {Kovasznay, L. S. G. and Komoda, H. and Vasudeva, B. R.},
Title  	= {Detailed flow field in transition},
Booktitle = {Proceedings of the 1962 Heat Transfer and Fluid Mechanics
		 Institute, Stanford University}, 
pages	= {1--26},
Year	= {1962}
}

@MISC{Kohama-Saric-Hoos,
Author 	= {Kohama, Y. and Saric, W. S. and Hoos, J. A.},
Title   = {A high-frequency, secondary instability of crossflow
vorticies that leads to transition.},
Howpublished = {Proceedings of the Royal Aeronautical Society Conference
on: Boundary-Layer Tranisiton and Control, Cambridge University, England.}, 
Year	= {1991}
}

@misc{Kreiss-Kreiss-Petersson,
  author =      "Kreiss, G. and Kreiss, H.-O. and N. A. Petersson",
  title  =      "On the convergence to steady state of solutions of
nonlinear hyperbolic-parabolic systems",
  howpublished  = "TRITA-NA 9221, Royal Institute of Technology, Stockholm, Sweden",
  Year = 	"1992"
}


@misc{Kreiss-Lundbladh-Henningson:report,
  author =      "Kreiss, G. and Lundbladh, A. and Henningson, D. S.",
  title  =      "Bounds for threshold amplitudes in subcritical shear flows",
  howpublished  = "TRITA-NA 9307, Royal Institute of Technology,
Stockholm, Sweden",
  Year = 	"1993"
}

@Article{Kreiss-Lundbladh-Henningson,
  author =      "Kreiss, G. and Lundbladh, A. and Henningson, D. S.",
  title  =      "Bounds for threshold amplitudes in subcritical shear flows",
  journal =     jfm,
  pages =       "175--198",
  volume =      "270",
  Year = 	"1994"
}

@Article{Kreiss-Oliger,
  author =      "Kreiss, H.-O. and Oliger, J.",
  title  =      "Comparison of accurate methods for the integration of hyperbolic equations.",
  journal =     "Tellus",
  pages =       "199--215",
  volume =      "XXIV",
  Year = 	"1972"
}

@Book{Kreiss-Lorenz,
  author = 	"Kreiss, H.-O. and Lorenz, J.",
  title = 	"Initial-Boundary Value Problems and the {Navier-Stokes}
Equations",
  publisher = 	"Academic Press",
  year = 	"1989"
}

@misc{Kreiss-Scherer,
  author = "H.-O. Kreiss and G. Scherer",
  title =  "On the existence of energy estimates for difference
approximations for hyperbolic systems", 
  howpublished = "Technical Report, Department of
Scientific Computing, Uppsala University, Sweden", 
  year =   "1977",
} 

@Misc{Krist-Zang,
  author =      {Krist, S. E. and Zang, T. A.},
  title	=       {Numerical Simulation of boundary layers: {Part~1. W}eak 
                 formulation and numerical method.},
  howpublished = {NASA TM 88222},
  year	=       {1986}
}


@Book{Ladyzhenskaya,
  author = 	"Ladyzhenskaya, O. A.",
  title = 	"The mathematical theory of incompressible flow",
  comment = 	"Translation from Russian",
  publisher = 	"Gordon and Breach",
  year = 	"1969",
}

@misc{Lam-Rott,
  author = "Lam, S. H. and Rott, N.",
  title =  "Theory of linearized time-dependent boundary layers", 
  howpublished = "Cornell Univ.\ Grad.\ School of Aero.\ Eng.\ Rep.\
AFSOR TN-60-1100.", 
  year =   "1960",
} 

@Article{Lancos,
author	= {Lancos, C.},
title	= {Trigonometric interpolation of empirical and analytical functions},
journal	= {J. Math. Phys.},
pages	= {123--199},
volume 	= {17},
year	= {1938}
}



@Inproceedings{Landahl-Breuer-Haritonidis,
author	= {Landahl, M. T. and Breuer, K. S. and Haritonidis, J. H.},
Title   = {Transients and waves in boundary layer transition.}, 
Booktitle = {Nonlinear wave interactions in fluids.},
organization = {ASME},
month	= dec,
address	= {Boston, MA},
pages	= {17--21},
Year	= {1987}
}

@Book{Landahl-Mollo-Christensen,
author	= {Landahl, M. T. and Mollo-Christensen, E.},
title	= {Turbulence and Random Processes in Fluid Mechanics.},
publisher	= {Cambridge University Press},
year	= {1987}
}


@Article{Landahl:1977,
author	= {Landahl, M. T.},
title	= {Dynamics of boundary layer transition and the mechanism of 
drag reduction},
journal	= pf,
pages	= {555--563},
volume 	= {20},
number	= {10, Part II},
year	= {1977}
}

@Article{Landahl:Prandtl,
author	= {Landahl, M. T.},
Title   = {Coherent structures in turbulence and {Prandtl's} 
mixing length theory.},
Journal	= {Z. Flugwiss. Weltraumforsch},
Volume  = {8},
note	= {Heft 4},
pages	= {233--242},
Year	= {1984}
}

@Article{Landahl:algebraic,
author	= {Landahl, M. T.},
title	= {A note on an algebraic instability of inviscid parallel
		 shear flows.},  
journal	= jfm,
pages	= {243--251},
volume 	= {98},
year	= {1980}
}

@Article{Landahl:breakdown,
author	= {Landahl, M. T.},
title	= {Wave mechanics of breakdown},
journal	= jfm,
pages	= {775--802},
volume 	= {56},
year	= {1972}
}

@Article{Landahl:wave-guide,
author	= {Landahl, M. T.},
title	= {A wave-guide model for turbulent shear flow},
journal	= jfm,
pages	= {441--459},
volume 	= {29},
year	= {1967}
}

@Article{Landahl:kinematic,
author	= {Landahl, M. T.},
title	= {The application of kinematic wave theory to wave trains and 
packets with small dissipation},
journal	= pf,
pages	= {1512--1516},
volume 	= {25},
year	= {1982}
}

@Article{Landahl:1993,
author	= {Landahl, M. T.},
title	= {Model for the wall-layer structure of a turbulent shear flow.},
journal	= {European J. Mechanics B/Fluids},
pages	= {85--96},
volume 	= {12},
year	= {1993}
}

@MISC{Landahl:Lehigh,
  author =  "Landahl, M. T.",
  title =   "Modeling of coherent structures in boundary layer turbulence",
  howpublished = "Workshop on coherent structure of turbulent boundary
layers, Lehigh University.",
  year =         "1978"
}

@MISC{Landahl:Rolla,
  author =  "Landahl, M. T.",
  title =   "Theoretical modeling of coherent structures in wall
             bounded shear flows",
  howpublished = "Eighth Biennial Symposium on Turbulence, University
                  of Missouri-Rolla.",
  year =         "1983"
}

@Article{Landahl:siam,
author	= {Landahl, M. T.},
title	= {Wave breakdown and turbulence.},
journal	= {SIAM J. Appl. Math},
pages	= {735--756},
volume 	= {28},
year	= {1975}
}

@Article{Landahl:1989,
  author = 	"Landahl, M. T.",
  title = 	"Boundary layer turbulence regarded as a driven linear system",
  journal = 	"Physica {D}",
  year = 	"1989",
  volume =      "37",
  pages =       "11 -- 19"
}

@Article{Landahl:streaks,
  author = 	"Landahl, M. T.",
  title = 	"On sublayer streaks",
  journal = 	jfm,
  year = 	"1990",
  volume =      "212",
  pages =       "593 -- 614"
}

@Article{Laurien-Kleiser,
  author = 	"Laurien, E. and Kleiser, L.",
  title = 	"Numerical simulation of boundary-layer transition and
transition control",
  journal =     jfm,
  year = 	"1989",
  volume = 	"199",
  pages = 	"403--440",
}

@Article{levin:2006b,
  author = 	"Ori Levin and Dan S. Henningson",
  title = 	"Turbulent spots in the asymptotic suction boundary layer",
  journal = 	jfm,
  year = 	"2007",
  volume = 	"584",
  pages = 	"397--413",
}

@Article{levin:herbst:henningson:2006,
  author =       "Ori Levin and Astrid H. Herbst and Dan S. Henningson",
  title =        "Early turbulent evolution of the {B}lasius wall jet",
  journal =      jot,
  year =         "2006",
  volume =       "7",
  number =       "68",
  pages =        "1--17",
}

@article{levin:114104,
author = {Ori Levin and E. Niklas Davidsson and Dan S. Henningson},
collaboration = {},
title = {Transition thresholds in the asymptotic suction boundary layer},
publisher = {AIP},
year = {2005},
journal = {Physics of Fluids},
volume = {17},
number = {11},
eid = {114104},
numpages = {11},
pages = {114104},
keywords = {boundary layer turbulence; laminar to turbulent transitions; flow simulation; vortices; random noise; flow instability; waves},
url = {http://link.aip.org/link/?PHF/17/114104/1}
}

@Article{levin-chernoray:2005,
  author = 	"Ori Levin and V.G. Chernoray and Lennart L{\"o}fdahl and Dan S. Henningson",
  title = 	"A study of the Blasius wall jet",
  journal = 	jfm,
  year = 	"2005",
  volume = 	"539",
  pages = 	"313--347",
}

@MISC{Lee-Reynolds,
  author =       "Lee, M. J. and Reynolds, W.C.",
  title =        "Numerical Experiments on the Structure of 
Homogeneous Turbulence",
  howpublished = "Report No. TF-24, Dept. of Mech. Eng., Stanford Univ., USA.",
  year =         "1985"
}

@MISC{Lees-Lin,
  author =       "Lees, L. and Lin, C. C.",
  title =        "Investigation of the stability of the laminar
boudnary layer in a compressible fluid",
  howpublished = "NACA TN 1115",
  year =         "1946"
}

@Article{Leutheuseer-Chu,
author	= {Leutheusser, H. J. and Chu, V. H.},
title	= {Experiments on plane {Couette} flow.},
journal	= "J. Hydr. Div., ASCE",
pages	= {1269--1279},
volume 	= {97},
year	= {1971}
}


@Article{Lezius-Johnston,
author	= {Lezius, D. K. and Johnston, J. P.},
title	= {The structure and stability of turbulent boundary layers in rotating channel flow.},
journal	= jfm,
pages	= {153},
volume 	= {77},
year	= {1976}
}


@InCollection{Li-Malik:ICASE,
author=        "Li, F. and Malik, M. R",
title =        {Secondary instability of {G\"ortler} vortices.},
booktitle = 	"Transition, Turbulence and Combustion",
publisher = 	"Kluwer",
year = 	"1994",
editor = 	"Hussaini, M. Y. and Gatski, T. B. and Jackson, T. L.",
pages = 	"117--126",
}

@Article{Li-Widnall,
author	= {Li, F. and Widnall, S. E. },
title	= {Wave patterns in plane {Poiseuille} flow created by concentrated 
disturbances.},
journal	= jfm,
pages	= {639--656},
volume 	= {208},
year	= {1989}
}
@Article{Libby-Fox,
author	= {Libby, P. A. and Fox, H.},
title	= {Some perturbation solutions in laminar boundary-layer theory.},
journal	= jfm,
pages	= {433--449},
volume 	= {17},
year	= {1964}
}

@Article{Liepmann-Brown-Nosenchuck,
author	= {Liepmann, H. W. and Brown, G. L. and Nosenchuck, D. M},
title	= {Control of laminar-instability waves using a new technique.},
journal	= jfm,
pages	= {187--200},
volume 	= {118},
year	= {1982}
}

@Article{Liepmann-Nosenchuck,
author	= {Liepmann, H. W. and Nosenchuck, D. M.},
title	= {Active control of laminar-turbulent transition.},
journal	= jfm,
pages	= {201--204},
volume 	= {118},
year	= {1982}
}

@Book{Lin,
author	= {Lin, C. C.},
title	= {Theory of hydrodynamic stability},
publisher = {Cambridge University Press},
year	= {1955}
}

@InProceedings{Lin-Reed-Saric,
  author = 	"Lin, N. and Reed, H. L. and Saric, W. S.",
  title = 	"Effect of leading-edge geometry on boundary-layer
                 receptivity to freestream sound",
  booktitle = 	"Instability, Transition and Turbulence",
  year = 	"1992",
  editor    =   "Hussaini, M. Y. and Kumar, A. and Streett, C. L.",
  publisher =   "Springer-Verlag",
  pages     =   "356--366",
}

@InProceedings{Lindberg-et-al,
author	= {Lindberg, P.{\AA}. and Fahlgren, P. H. and Alfredsson, P. H.
and Johansson, A. V.},
title	= {An experimental study of the structure and spreading of
turbulent spots.},
booktitle = 	"Laminar-Turbulent Transition",
year      = 	"1985",
editor    =     "Kozlov, V.",
publisher =     "Springer-Verlag",
pages     =     "617--624",
}

@Article{Liu-Domaradzki,
author	= {Liu, W. and Domaradzki, J. A.},
title	= {Direct numerical simulation of transition to turbulence in
{G\"ortler} flow},
journal	= jfm,
pages	= {267--299},
volume 	= {246},
year	= {1993}
}

@Book{Loeve,
  author = 	"Lo\`{e}ve, M.",
  title = 	"Probability Theory",
  publisher = 	"Van Nostrand",
  year = 	"1955",
}

@Article{Lu-Henningson,
author	= "Lu, Q. and Henningson, D. S.",
title	= "Subcritical transition in plane
           {P}oiseuille flow",
journal	= "Bull. Am. Phys. Soc.",
pages	= "2288",
volume	= "35",
year	= "1990"
}

@Article{Lueptow-Breuer-Haritonidis,
author	= {Lueptow, R. and Breuer, K. S. and Haritonidis, J. H.},
title	= {Computer-aided $x$-wire calibration using a look-up table.},
journal	= {Experiments in Fluids},
volume	= {6},
pages	= {115--118},
year	= {1988}
}

@InCollection{Lumley:kl,
  author = 	"Lumley, J. L.",
  title = 	"The structure of inhomogeneous turbulent flows",
  booktitle = 	"Atmospheric Turbulence and Radio Wave Propagation",
  publisher = 	"Nauka",
  address =     "Moscow",
  year = 	"1967",
  editor = 	"Yaglom, A. G. and Tatarski, V. I.",
  pages = 	"166--178",
}

@Book{Lumley:stochiastic-tools,
  author = 	"Lumley, J. L.",
  title = 	"Stochastic Tools in Turbulence",
  publisher = 	"Academic Press",
  year = 	"1970",
}

@PHDTHESIS{Lundbladh:PhD,
  Author = 	"Lundbladh, A.",
  Title = 	"Simulation of bypass transition to turbulence in wall
bounded shear flows",
  School = 	"Royal Institute of Technology",
  Address = 	"Stockholm, Sweden",
  Year = 	"1993"
}

@InCollection{Lundbladh-Henningson-Reddy,
  author = 	 "Lundbladh, A. and Henningson, D. S. and Reddy, S. C.",
  title = 	 "Threshold amplitudes for transition in channel flows",
  publisher    = "Kluwer",
  address =      "Dordrecht",
  editor =       "Hussaini, M. Y. and Gatski, T. B. and Jackson, T. L.",
  pages =        "309--318",
  booktitle =    "Transition, Turbulence and Combustion, Volume I",
  year = 	 "1994",
}

@misc{Lundbladh-Schmid-Berlin-Henningson,
  author = 	 "Lundbladh, A. and Schmid, P. J. and Berlin, S. and
Henningson, D. S.",
  title = 	 "Simulation of bypass transition in spatially
evolving flows",
  howpublished = "Proceedings of the AGARD Symposium on Application
of Direct and Large Eddy Simulation to Transition and Turbulence,
AGARD-CP-551",
  year = 	 "1994",
}


@misc{Lundbladh:inv,
author	    = {Lundbladh, A.},
title	 = {Growth of a localized disturbance in inviscidly 
stable shear flow},
howpublished= "to be submitted",
year	    = "1993",
}

@misc{Lundbladh:mek,
author	    = {Lundbladh, A.},
title	 = {Growth of a localized disturbance in inviscidly 
stable shear flow},
howpublished= "TRITA-MEK 1993:4, Royal Institute of Technology,
Stockholm, Sweden.",
year	    = "1993",
}

@misc{Lundbladh-Henningson,
author	    = {Lundbladh, A. and Henningson, D. S.},
title	 = {Numerical simulation of spatial disturbance development in
rotating channel flow},
howpublished= "FFA-TN 1993-30, Aeronautical Research Institute of Sweden, Bromma",
year	    = {1993},
}

@misc{Lundbladh-Henningson-Johansson:FFA,
author	    = {Lundbladh, A. and Henningson, D. S. and Johansson, A. V.},
title	    = {An efficient spectral integration method for the
              solution of the {Navier--Stokes} equations.},
howpublished= "FFA-TN 1992-28, Aeronautical Research Institute of Sweden, Bromma",
year	    = {1992},
}

@misc{Lundbladh-Henningson:turb,
author	    = {Lundbladh, A. and Henningson, D. S.},
title	    = {Evaluation of Turbulence Models from 
Direct Numerical Simulations of Turbulent Boundary Layers},
howpublished= "FFA-TN 1995-09, Aeronautical Research Institute of Sweden, Bromma",
year	    = {1995},
}

@Article{Lundbladh-Johansson,
  author =    "Lundbladh, A. and Johansson, A. V.",
  title       ="Direct simulation of turbulent spots in plane {Couette}
 flow",
  journal =   jfm,
  pages       ="499--516",
  volume  =   "229",
  year =      "1991"
}

@MISC{Lundbladh-Johansson-Henningson:BL,
  author =       "Lundbladh, A. and Johansson, A. V. and Henningson, D. S.",
  title =        "Simulation of the breakdown of localized
disturbances in boundary layers",
  howpublished = "Proceedings of the 4th European Turbulence
Conference, Delft, The Netherlands",
  year =         "1992"
}

@misc{LBSHCKH,
  author =       "Anders Lundbladh and Stellan Berlin and Martin Skote and Casper Hildings and Jaisig Choi and John Kim and Dan S. Henningson",
  title =        "An {E}fficient {S}pectral {M}ethod for {S}imulations of {I}ncompressible {F}low over a {F}lat {P}late",
  institution =  "Department of Mechanics, Royal Institute of Technology",
  year =         "1999",
  type =         "Technical Report",
  number =       "TRITA-MEK 1999:11",
  address =      "KTH",
  month =        "",
  note =         "",
}

@Article{Luchini,
author	= {Luchini, P.},
title	= {Reynolds number independent 
instability of the {Blasius} boundary layer over a flat surface},
journal	= jfm,
pages	= {101--115},
volume 	= {327},
year	= {1996}
}

@Article{Luchini-2,
author	= {Luchini, P.},
title	= {Reynolds number independent 
          instability of the {Blasius} boundary layer over a flat 
          surface. Part 2: optimal pertubations},
note    = {manuscript},
year	= {1997}
}

@Article{Luchini-Bottaro,
author	= {Luchini, P. and Bottaro, A.},
title	= {G\"ortler vortices: A backward in time approach to 
the receptivity problem},
note = {Submitted},
year	= {1997}
}

@Article{Lyell-Huerre,
author	= {Lyell, M. J. and Huerre, P.},
title	= {Linear and nonlinear stability of plane stagnation flow},
journal	= jfm,
pages	= {295--312},
volume 	= {161},
year	= {1985}
}

@Article{Mack,
author	= {Mack, Leslie M.},
title	= {A numerical study of the temporal eigenvalue spectrum of the 
{Blasius} boundary layer},
journal	= jfm,
pages	= {497--520},
volume 	= {73},
year	= {1976}
}

@MISC{Mack:AGARD,
  author =       "Mack, L. M.",
  title =        "Boundary Layer Stability Theory: Special Course on 
Stability and Transition of Laminar Flow.",
  howpublished = "AGARD Report 709, Paris, France",
  year =         "1984"
}

@Article{Malik-Zang-Hussaini,
author        = {Malik, M. R. and Zang, T. A. and Hussaini, M. Y.},
title = {A spectral collocation method for the {Navier--Stokes} equations},
journal       = jcp,
pages = {64--88},
volume        = {61},
year  = {1985}
}


@Article{Malik-Spall,
author        = {Malik, M. R. and Spall, R. E.},
title = {On the stability of compressible flow past axisymmetric bodies.},
journal       = jfm,
pages = {443--463},
volume        = {228},
year  = {1991}
}

@Article{Malik-Li-Chang,
author        = {Malik, M. R. and Li, F. and Chang, C.-L.},
title = {Crossflow disturbances in three-dimensional boundary layers:
non-linear development, wave interaction and secondary instability.},
journal       = jfm,
pages = {1--36},
volume        = {268},
year  = {1994}
}

@Article{Malkus-Veronis,
  author = 	"Malkus, W. V. R. and Veronis, G.",
  title = 	"Finite amplitude cellular convection.",
  journal = 	jfm,
  year = 	"1958",
  volume = 	"4",
  pages = 	"225--260",
}


@misc{Mangus,
author	    = {Mangus, J. F.},
title	    = {Preliminary measurements of drag and bursting frequency in
		 a manipulated turbulent boundary layer},
howpublished= "FDRL Report 84-2. Department of Aeronautics and
		 Astronautics, Massachusetts Institute of Technology",
year	    = {1984}
}

@Article{Mansour-Kim-Moin,
  author = 	"Mansour, N.N. and Kim, J. and Moin, P.",
  title = 	"Reynolds-stress and dissipation-rate budgets in a 
turbulent channel flow",
  journal = 	jfm,
  year = 	"1988",
  volume = 	"194",
  pages = 	"15-44",
}

@Article{Marcus,
  author = 	"Marcus, P. S",
  title = 	"Simulation of {Taylor-Couette} flow. {Part 1.
		 Numerical} methods and comparison with experiment",
  journal = 	jfm,
  year = 	"1984",
  volume = 	"146",
  pages = 	"45",
}

@INCOLLECTION{Maslowe,
author	= {Maslowe, S. A.},
title	= {Shear flow instability and transition},
pages	= {181--228},
publisher = {Springer-Verlag},
Booktitle = {Hydrodynamic instabilities and the transition to turbulence},
editor = {Swinney, H. L. and Gollub, J. P.},
year	= {1981}
}

@Article{Matsson,
  author = 	"Matsson, O. J. E.",
  title = 	"Time-dependent instabilities in curved rotating
channel flow",
  journal = 	pfa,
  year = 	"1993",
  volume = 	"5",
  pages = 	"1514--1516",
}
@Article{Matsson-Alfredsson,
  author = 	"Matsson, O. J. E. and Alfredsson, P. H.",
  title = 	"Curvature and rotation induced instabilities in
channel flow",
  journal = 	jfm,
  year = 	"1990",
  volume = 	"201",
  pages = 	"537--563",
}

@MISC{McGhee-Jones-Jouty,
  author =       "McGhee, R. J. and Jones, G. S. and Jouty, R.",
  title =        "Performannce characteristics from wind tunnel tests
of a low {Reynolds} number airfoil",
  howpublished = "AIAA Paper 88-0607",
  year =         "1988"
}

@Article{Mcdonald-Kaufman,
  author = 	"Steven W. McDonald and Allan N. Kaufman",
  title = 	"Spectrum and Eigenfunctions for a {Hamiltonian} with
		 Stochastic Trajectories",
  journal = 	prl,
  year = 	"1979",
  volume = 	"42",
  number = 	"18",
  pages = 	"1189--1191",
}

@Article{Meksyn-Stuart,
  author = 	"Meksyn, D. and Stuart, J. T.",
  title = 	"Stability of viscous motion between parallel planes for finite disturbances",
  journal =     prsl,
  year = 	"1951",
  volume = 	"208",
  pages = 	"517--526",
}

@Article{Metcalfe-Orszag-Brachet-Menon-Riley,
  author = 	"Metcalfe, R. W. and Orszag, S. A. and Brachet, M. E. 
and Menon, S. and Riley, J. J.",
  title = 	"Secondary instability of a temporally growing mixing layer",
  journal =     jfm,
  year = 	"1987",
  volume = 	"184",
  pages = 	"207--243",
}


@InProceedings{Meyer-Kleiser,
  author = 	"Meyer, F. and Kleiser, L.",
  title = 	"Numerical simulation of transition due to crossflow
instability",
  booktitle = 	"Laminar-Turbulent Transition",
  year = 	"1990",
  editor    =   "Arnal, D. and Michel, R.",
  publisher =   "Springer-Verlag",
  pages     =   "609--619",
}

@misc{Meyer-Kleiser:AGARD,
  author = 	"Meyer, F. and Kleiser, L.",
  title = 	"Numerical simulation of transition due to crossflow
instability",
  howpublished = "AGARD-CP-438",
  year =         "1989"
}



@Article{Milling,
author	= {Milling, R. W.},
title	= {{Tollmien-Schlichting} wave cancellation.},
journal	= pf,
pages	= {979--981},
volume 	= {24},
number	= {5},
year	= {1981}
}

@Article{Mitchner,
author	= {Mitchner, M.},
title	= {Propagation of turbulence from an instantaneous point disturbance.},
journal	= "J. Aero. Sci.",
pages	= {350--351},
volume 	= {21},
year	= {1954}
}

@Article{Moin-Kim:1982,
author	= {Moin, P. and Kim, J.},
title	= {Numerical investigation of turbulent channel flow},
journal	= jfm,
pages	= {341},
volume 	= {118},
year	= {1982}
}

@Article{Moin-Kim:1985,
author	= {Moin, P. and Kim, J.},
title	= {The structure of the vorticity field in turbulent channel 
flow. Part 1. Analysis of instantaneous fields and statistical correlations},
journal	= jfm,
pages	= {441},
volume 	= {155},
year	= {1985}
}

@Article{Moin-Kim:jcomp,
author	= {Moin, P. and Kim, J.},
title	= {On the numerical solution of time-dependent viscous 
incompressible fluid flows involving sold boundaries},
journal	= jcp,
pages	= {381},
volume 	= {35},
year	= {1980}
}

@Article{Moin-Moser,
  author = 	"Moin, P. and Moser, R. D.",
  title = 	"Characteristic-eddy decomposition of turbulence in a
		 channel ",
  journal = 	jfm,
  year = 	"1988",
  volume = 	"200",
  pages = 	"471--509",
}

@Book{moreau_1998,
  author = 	"Moreau, R.",
  title = 	"Magnetohydrodynamics",
  publisher = 	"Kluwer",
  year = 	"1998"
}

@INCOLLECTION{Morkovin,
author	= {Morkovin, M. V.},
title	= {The Many Faces of Transition.},
Booktitle = {Viscous Drag Reduction},
publisher = {Plenum Press},
editor	= {Wells, C. S.},
year	= {1969}
}

@InProceedings{Morkovin-Reshotko,
author	    = {Morkovin, M. V. and Reshotko, E.},
title	    = {Dialogue on progress and issues in stability and transition
research.},
  booktitle = 	"Laminar-Turbulent Transition",
  year = 	"1990",
  editor    =   "Arnal, D. and Michel, R.",
  publisher =   "Springer-Verlag",
}

@Article{Moser-Rogers,
  author = 	"Moser, R. D. and Rogers, M. M.",
  title = 	"The three-dimensional evolution of a plane mixing layer:
pairing and transition to turbulence",
  journal = 	jfm,
  year = 	"1993",
  volume = 	"247",
  pages = 	"275--320",
}

@MISC{Muller,
  author =       "M{\"u}ller, B.",
  howpublished = "Report No. DLR-FB 90-09",
  year =         "1990"
}

@MISC{Muller-Bestek-Fasel,
  author =       "M{\"u}ller, B. and Bestek, H. and Fasel, H.",
  title =        "Numerical simulation of the spatial disturbance
development in transitional boundary layers along a swept plate",
  howpublished = "Near-Wall Turbulent Flows (Eds. So, R.M.C.,
Speziale, C.G., Launder, B.E.), Elsevier",
  year =         "1993"
}

@MISC{Murdock,
  author =       "Murdock, J. W.",
  title =        "Three-dimensional numerical study of boundary layer
stability",
  howpublished = "AIAA Paper 86-0434",
  year =         "1986"
}

@InProceedings{Nagano-Tagawa-Tsuji,
  author = 	"Nagano, Y and Tagawa, M. and Tsuji, T.",
  title = 	"Effects of Adverse Pressure 
Gradients on Mean Flows and Turbulence Statistics in a Boundary Layer",
  booktitle = 	"Turbulent Shear Flows 8",
  year = 	"1992",
  editors = 	"Durst, F. and Friedrich, R. and Launder, B. E. and
Schmitd, F. W. and Schumann, U. and Whitelaw, J. H.",
  publisher =   "Springer",
  pages =       "7--21"
}

@Article{Nagata,
  author = 	"Nagata, M",
  title = 	"Three-dimensional finite-amplitude solutions in plane
                 {Couette} flow: bifurcation from infinity",
  journal = 	jfm,
  year = 	"1990",
  volume = 	"217",
  pages = 	"519--527",
}

@Article{Nishioka-Iida-Ichikawa,
  author = 	"Nishioka, M. and Iida, S. and Ichikawa, Y.",
  title = 	"An experimental investigation of the stability of
                 plane {Poiseuille} flow",
  journal = 	jfm,
  year = 	"1975",
  volume = 	"72",
  pages = 	"731--751",
}

@Article{Nishioka-Asai,
  author = 	"Nishioka, M and Asai, M.",
  title = 	"Some observations of the subcritical transition in 
                 plane {Poiseuille} flow",
  journal = 	jfm,
  year = 	"1985",
  volume = 	"150",
  pages = 	"441--450",
}

@Article{Nishioka-Morkovin,
  author = 	"Nishioka, M and Morkovin M. V.",
  title = 	"Boundary-layer receptivity to unsteady pressure gradients:
                 experiment and overview",
  journal = 	jfm,
  year = 	"1986",
  volume = 	"171",
  pages = 	"219--261",
}

@Article{NitschkeKowsky-Bippes,
  author = 	"Nitschke-Kowsky, P. and Bippes, H.",
  title = 	"Instability and transition of a three-dimensional
boundary layer on a swept flat plate",
  journal = 	pf,
  year = 	"1988",
  volume = 	"31",
  pages = 	"786--795",
}

@techreport{Nordstrom-Nordin,
author	= "{Nordstr\"om}, J. and Nordin, N.",
title   = "The fringe region technique used in direct numerical
simulations of the incompressible {Navier--Stokes} equations",
institution = {The Aeronautical Research Institute of Sweden (FFA)},
number	= {FFA TN 1995-04},
year	={1995}
}

@article{Nordstrom-Nordin-Henningson,
  author =       "Jan {\noopsort{nordstrz}}Nordstr{\"o}m and Niklas Nordin and Dan S. Henningson",
  title =        "The fringe region technique and the {F}ourier method used in the direct numerical simulation of spatially evolving viscous flows",
  journal =      "SIAM J. Sci. Comp.",
  year =         "1999",
  volume =       "20",
  number =       "4",
  pages =        "1365--1393",
  month =        "",
  note =         "",
}

@INCOLLECTION{Nosenchuck-Brown,
  author = 	"Nosenchuck, D. M. and Brown, G.",
  title = 	"Discrete spatial control of wall shear stress in a 
                 turbulent boundary layer",
  booktitle = 	"Near-Wall Turbulent Flows",
  year = 	"1993",
  editors = 	"So, R. M. C. and Speziale, C. G. and Launder, B. E.",
  publisher =   "Elsevier Science Publishers B.V.",
  pages =        "689--698"
}

@misc{Obremski-Morkovin-Landahl,
  author =      "Obremski, H. J. and Morkovin, M and Landahl, M. T.",
  title	=       "A portfolio of stability characteristics of
		 incompressible boundary layers",
  howpublished = "AGARDOgraph 134, NATO, Paris",
  year	=       "1969"
}

@techreport{Olsson-Henningson,
author	= "Olsson, P. J. and Henningson, D. S.",
title   = "Optimal disturbances in watertable flow",
institution = {Royal Institute of Techmology, Stockholm},
number	= {TRITA-MEK 1993:11},
year	={1993}
}

@Article{Olsson-Henningson:SAM,
author	= {Olsson, P. J. and Henningson, D. S.},
title	= {Optimal disturbances in watertable flow},
pages	= {183--210},
journal = {Stud. Appl. Math.},
volume	= {94},
year	= {1994}
}

@misc{Olsson,
  author  =    "P. Olsson",
  title  =     "Stable approximation of symmetric hyperbolic and 
parabolic equations in several space dimensions", 
  howpublished  =  "Technical Report 138, Department of
Scientific Computing, Uppsala University, Sweden",
  year  =       "1991",
}

@Article{Orr,
author	= {Orr, W. M. F.},
title	= {The stability or instability of the steady motions of a perfect liquid and of 
a viscous liquid. {Part I: A} perfect liquid.  {Part II: A} viscous liquid},
pages	= {9--138},
journal = {Proc. R. Irish Acad. A},
volume	= {27},
year	= {1907}
}

@Misc{Orszag,
author	=        {Orszag, S. A.},
title	=        {Numerical methods for the simulations of turbulence},
howpublished = 	"Phys. of Fluids Supplement II",
pages	=        {250--257},
year	=        {1969}
}

@Article{Orszag:72,
author	=        {Orszag, S. A.},
title	=        {Comparison of pseudospectral ans spectral approximations},
journal	=        siam,
volume	=        {51},
pages	=        {253--259},
year	=        {1972}
}

@Article{Orszag-Kells,
author	=        {Orszag, S. A. and Kells, L. C.},
title	=        {Transition to turbulence in plane {Poiseuille} and
		 plane {Couette} flow},
journal	=        jfm,
volume	=        {96},
pages	=        {159--205},
year	=        {1980}
}

@Article{Orszag-Patera,
author	= {Orszag, S. A. and Patera, A. T.},
title	= {Secondary instability of wall-bounded shear flows},
journal	= jfm,
volume	= {128},
pages	= {347--385},
year	= {1983}
}

@Article{Orszag:Orr-Sommerfeld,
  author = 	"Orszag, S. A.",
  title = 	"Accurate solution of the {Orr-Sommerfeld} stability
		 equation",
  journal = 	jfm,
  year = 	"1971",
  volume = 	"50",
  pages = 	"689--703",
}

@Article{Orszag:complex-geometries,
  author = 	"Orszag, S. A.",
  title = 	"Spectral methods for problems in complex geometries",
  journal = 	jcp,
  year = 	"1980",
  volume = 	"37",
  pages = 	"70--92",
}

@Article{OSullivan-BreuerI,
  author = 	"O'Sullivan, P. L. and Breuer, K. S.",
  title = 	"Transient growth in circular pipe flow. Part I: 
Linear disturbances.",
  journal = 	pf,
  volume =      "6",
  pages =       "3643--3651",
  year = 	"1994",
}

@Article{OSullivan-BreuerII,
  author = 	"O'Sullivan, P. L. and Breuer, K. S.",
  title = 	"Transient growth in circular pipe flow. Part II: 
Nonlinear development.",
  journal = 	pf,
  volume =      "6",
  pages =       "3652--3664",
  year = 	"1994",
}

@Article{Patel-Head,
  author = 	"Patel, V. C. and Head, M. R.",
  title = 	"Some observations in skin friction and velocity profiles
                 in fully developed pipe and channel flows",
  journal = 	jfm,
  year = 	"1969",
  volume = 	"38",
  pages = 	"181--201",
}

@Article{Pauley-Moin-Reynolds,
  author = 	"Pauley, L. L. and Moin, P. and Reynolds, W. C.",
  title = 	"The structure of two-dimensional separation",
  journal = 	jfm,
  year = 	"1990",
  volume = 	"220",
  pages = 	"397--411",
}

@Article{Pechukas,
  author = 	"Petchukas",
  title = 	"",
  journal = 	"J. Chem. Phys.",
  year = 	"1972",
  volume = 	"57",
  pages = 	"5577",
}

@Article{Perry-Lim-Teh,
  author = 	"Perry, A. E. and Lim, T. T. and Teh, E. W.",
  title = 	"A visual study of turbulent spots",
  journal = 	jfm,
  year = 	"1981",
  volume = 	"104",
  pages = 	"387--405"
}

@Misc{Peyret,
  author = 	"Peyret, R.",
  title = 	"Introduction to Spectral Methods",
  howpublished ="von Karman Institute Lecture Series",
  address =     "Rhode-Saint Geneses, Belgium",
  year = 	"1986",
}

@Article{Poll,
  author = 	"Poll, D. I. A.",
  title = 	"Some observations of the transition on the windward
face of a long yawed cylinder",
  journal = 	jfm,
  year = 	"1985",
  volume = 	"150",
  pages = 	"329--356"
}

@Article{Prandtl:mixing-length,
  author = 	"Prandtl, L.",
  title = 	"{Bericht \"uber Untersuchungen zur ausgebildeten Turbulenz}",
  journal = 	{Zeitschrift f\"ur Angewandte Mathematik und Mechanik},
  year = 	"1925",
  volume = 	"5",
  pages = 	"136"
}

@Article{Pritchard,
  author = 	"Pritchard, A. J.",
  title = 	{A study of two of the classical problems of hydrodynamic
stability by the {Liapunov} method},
  journal = 	{J. Inst. Maths Applics},
  year = 	"1968",
  volume = 	"4",
  pages = 	"78--93"
}


@misc{Pruett-Zang,
author	= {Pruett, C. D. and Zang, T. A.},
title	= {Direct numerical simulations of laminar breakdown in high
speed axi-symmetric boundary layers.},
howpublished = {AIAA Paper 92-0742},
year	= {1992}
}

@MISC{Rai-Moin,
  author =       "Rai, M. M. and Moin, P.",
  title =        "Direct numerical simulation of transition and
turbulence in a spatially evolving boundary layer",
  howpublished = "AIAA-91-1607-CP",
  year =         "1991"
}

@Article{Rayleigh,
author	= {Rayleigh, J. W. S.},
title	= {On the stability, or instability, of certain fluid motions},
journal	= {Proc. Math. Soc. Lond.},
pages	= {57--70},
volume	= {11},
year	= {1880}
}


@Article{Reichardt,
  author = 	"Reichardt, H.",
  title = 	"{\"{U}ber die Geschwindigkeitsverteilung in einer geradlinigen
                  turbulenten Couettestr\"omung}",
  journal = 	"Z. Angew. Math. Mech.",
  year = 	"1956",
  volume = 	"36",
  pages = 	"26--29"
}

@Article{Reid,
author	= {Reid, W. H.},
title	= {Uniform asymptotic approximations to the solutions
of the {Orr-Sommerfeld} equation. Part 1. Plane {Couette} flow},
journal	= {siam},
pages	= {91--110},
volume	= {53},
year	= {1974}
}



@Article{Reddy-Schmid-Baggett-Henningson,
author	= "Reddy, S. C. and Schmid, P. J. and Bagget, P.J. and Henningson, D. S.",
title	= "On stability of streamwise streaks and transition 
           thresholds in plane channel flows",
journal = jfm,
volume  = 365,
pages   = "269--303",
year	= "1998",
}

@Article{Reddy-Schmid-Henningson,
author	= "Reddy, S. C. and Schmid, P. J. and Henningson, D. S.",
title	= "Pseudospectra of the {Orr-Sommerfeld} operator",
pages	= {15--47},
journal = "SIAM J. Appl. Math.",
volume = "53",
year	= {1993}
}

@Article{Reddy-Henningson,
author	= "Reddy, S. C. and Henningson, D. S.",
title	= "Energy growth in viscous channel flows",
volume  = 252,
pages   = "209--238",
journal = jfm,
year	= {1993}
}

@PHDTHESIS{Reddy,
  Author = 	"Reddy, S. C.",
  Title = 	"Pseudospectra of operators and discretization
matrices and an application to the method of lines",
  School = 	"Massachusetts Institute of Technology",
  Address = 	"Cambridge",
  Year = 	"1991"
}

@Article{Reed-Saric,
author	= "Reed, H. L. and Saric, W. S.",
title	= "Stability of three-dimensional boundary layers",
volume  = "21",
pages   = "235--284",
journal = "Ann. Rev. Fluid Mech.",
year	= {1989}
}

@Article{Reshotko,
author        = {Reshotko, E.},
title = {Boundary-layer stability and transition.},
journal       = {annrev},
volume        = {8},
pages = {311--350},
year  = {1976}
}

@Article{Reynolds,
author	= {Reynolds, O.},
title	= {On the experimental investigation of the circumstances which 
determine whether the motion of water shall be direct or sinuous, and 
the law or resistance in parallel channels},
journal	= {Phil. Trans. Roy. Soc. Lond.},
volume	= {174},
pages	= {935--982},
year	= {1883}
}
@Article{Reynolds:1895,
author	= {Reynolds, O.},
title	= {On the dynamical theory of incompressible viscous fluids and the determination of the criterion.},
journal	= {Phil. Trans. Roy. Soc. A},
volume	= {186},
pages	= {123--164},
year	= {1895}
}

@InProceedings{Riley-Gad-el-Hak,
  author = 	"Riley, J. J. and Gad-el-Hak, M.",
  title = 	"The dynamics of turbulent spots",
  booktitle = 	"Frontiers of Fluid Mechanics",
  year = 	"1985",
  editors = 	"Davis and Lumley",
  publisher =   "Springer",
  pages =       "123--155"
}

@Article{Ripley-Pauley,
author	= "Ripley, M. D. and Pauley, L.",
title	= "The unseady structure of two-dimensional steady laminar separation",
volume  = "5",
pages   = "3099--3106",
journal = pfa,
year	= {1993}
}

@Article{Rist-Fasel,
 author =  "Rist, U. and Fasel, H.",
 title =   "Direct numerical simulation of controlled transition in a 
            flat-plate boundary layer.",
 Journal = jfm,
 Volume =  "298",
 pages =   "211-248",
 year =    "1995"
}

@misc{Rist-Maucher,
  author = 	 "Rist, U. and Maucher, U.",
  title = 	 "Direct numerical simulation of 2-D and 3-D
instability waves in a laminar separation bubble",
  howpublished = "Proceedings of the AGARD Symposium on Application
of Direct and Large Eddy Simulation to Transition and Turbulence,
AGARD-CP-551",
  year = 	 "1994",
}

@Article{Robinson,
author	= "Robinson, S. K.",
title	= "Coherent motions in the turbulent boundary layer",
volume  = "23",
pages   = "601--639",
journal = "Ann. Rev. Fluid Mech.",
year	= {1991}
}


@Article{Rogers-Moser,
author	= "Rogers, M. M. and Moser, R. D.",
title	= "The three-dimensional evolution of a plane mixing layer: the
{Kelvin-Helmholtz} rollup",
volume  = "243",
pages   = "183--226",
journal = jfm,
year	= {1992}
}


@Article{Romanov,
author	= {Romanov, V. A.},
Title	= {Stability of plane-parallel {Couette} flow.},
Journal = {Funkcional Anal. i Prolo\v{z}en},
Year	= {1973},
pages	= {62--73},
volume	= {7},
number  = {2},
  note =  "{Translated in {\it Functional Anal. \& Its Applics} {\bf 7}, 
137 -- 146 (1973)}"
}

@InProceedings{Roach-Brierley,
  author = 	"Roach, P. E. and Brierley, D. H.",
  title = 	"The influence of a turbulent free-stream on zero
		  pressure gradient transitional boundary layer developement.",
  booktitle = 	" Nummerical Simulations of Unsteady Flows and
		  Transition to Turbulence",
  year = 	"1992",
  editors = 	"O. Pironneau, W. Rodi, I. L. Ryhming, A. M. Savill \&
		  T. V. Truong",
  publisher =    "Cambridge University Press",
  pages =        "319--347"
}

@techreport{Rotta,
author  = {Rotta, J. C.},
title   = {Fortran 4-Rechenprogramm f\"{u}r Grenzschichten bei 
           kompressiblen ebenen und achsensymmetrische Str\"{o}mungen.},
Institution ={Institute for Theoretical Fluid Mechanics, G\"{o}ttingen},
year = "1971",
number        = {DFVLR-FB 71-51},
}

@MISC{Rubesin,
  author =       "Rubesin, M. W.",
  title =        "Turbulence modeling for aerodynamic flows",
  howpublished = "AIAA Paper 89-0606",
  year =         "1989"
}

@InProceedings{Rubin-Wygnanski-Haritonidis,
  author = 	"Rubin, Y. and Wygnanski, I. and Haritonidis, J. H.",
  title = 	"Further observations on transition in a pipe",
  booktitle = 	"Proc. IUTAM Symp. on Laminar-Turbulent Transition",
  year = 	"1979",
  address = 	"Stuttgart",
}

@Article{Russell-Landahl,
author	= {Russell, J. M. and Landahl, M. T.},
Title   = {The evolution of a flat eddy near a wall in an inviscid 
		shear flow.},
Journal	= pf,
pages	= {557--570},
Volume  = {27},
Year	= {1984}
}

@Article{Saiki-Biringen-Danabasoglu-Streett,
  Author  = 	"Saiki, E. M. and Biringen, S. and Danabasoglu, G. and
Streett, C. L.",
  Title   = 	"Spatial simulation of secondary instability in plane
channel flow: comparison of {K}- and {H}-type disturbances.",
  Journal = 	jfm,
  Volume = 	"253",
  Pages =       "485--507",
  Year = 	"1993"
}

@Article{Sarkar-etal,
  author =    "Sarkar, S. and Erlebacher, G. and Hussaini, M. Y. and
                 Kreiss, H. O.",
  title =     "The analysis and modelling of dilatational terms 
                 in compressible turbulence",
  year =      "1991",
  journal =     jfm,
  volume =      "227",
}


@Article{Salwen-Grosch,
author	= {Salwen, H. and Grosch, C. E.},
Title   = {The continuous spectrum of the {Orr-Sommerfeld} equation.
          Part 2. Eigenfunction expansions},
Journal	= jfm,
pages	= {445--465},
Volume  = {104},
Year	= {1981}
}

@Misc{Sandham-Adams,
  author=        "Sandham, N. D. and Adams, N. A.",
  title =        {Numerical simulations of boundary-layer transition
at {Mach} 2.},
  howpublished = {Forth European Turbulence Conference, Delft, June 30
-- July 3, 1992},
  year =         "1992"
}

@Misc{Sandham-Adams-Kleiser,
  author=        "Sandham, N. D. and Adams, N. A. and Kleiser, L.",
  title =        {Direct simulation of breakdown to turbulence
following oblique instability waves in a supersonic boundary layer.},
  howpublished = {First ERCOFTAC workshop on direct and large eddy
simulation, Guildford, England, March 28-30.},
  year =         "1994"
}

@Article{Sandham-Kleiser,
author	= {Sandham, N. D. and Kleiser, L.},
Title   = {The late stages of transition to turbulence in channel flow},
Journal	= jfm,
pages	= {319--348},
Volume  = {245},
Year	= {1992}
}

@misc{Saric-Kozlov-Levchenko,
author	= {Saric, W. S. and Kozlov, V. V. and Levchenko, V. Ya.},
title	= {Forced and unforced subharmonic resonance in boundary layer 
		transition.},
howpublished	= {AIAA Paper 84-0007},
year	= {1984}
}

@InCollection{Saric-Thomas,
  author = 	"Saric, W. S. and Thomas, A. S. W. ",
  Booktitle = 	"Turbulence and chaotic phenomena in fluids",
  publisher = 	"North-Holland",
  year = 	"1984",
  editor = 	"Tatsumi, I.",
  pages = 	"117",
}

@MISC{Saric-Reed-Kerschen,
  author =       "Saric, W.S. and Reed, H.L. and Kerschen, E.J.",
  title =        "Leading edge receptivity to sound: 
experiments, {DNS}, and theory",
  howpublished = "AIAA Paper 94-2222",
  year =         "1994"
}


@Article{Savill,
author	= {Savill, A. M.},
Title   = {1993 COST-ERCOFTAC special interest group on
transition.},
Journal	= "ERCOFTAC Bull.",
pages	= {22-24},
Volume  = {19},
Year	= {1993}
}

@PHDTHESIS{Schensted,
  Author = 	"Schensted, I. V.",
  Title = 	"Contribution to the theory of hydrodynamic stability",
  School = 	"University of {Michigan}",
  Address = 	"Ann Arbor",
  Year = 	"1961"
}


@Article{Schewe,
author	= {Schewe, G\"{u}nter},
title	= {On the structure and resolution of wall-pressure 
fluctuations associated with turbulent boundary layer flow},
journal = jfm,
volume	= {134},
pages	= {311--328},
year	= {1983}
}


@Book{Schlichting:book,
author	= {Schlichting, H.},
title	= {Boundary layer theory},
publisher = {McGraw-Hill},
year	= {1979}
}

@Misc{Schlichting,
  author      = "Schlichting, H.",
  Title       = "{Zur Entstehung der Turbulenz bei der Plattenstr\"omung}",
  howpublished = {Nachr. Ges. Wiss. G\"ottingen, 181--208},
  Year        = "1933"
}

@Book{pschmid:dhenningson:2001,
  author =       "Peter J. Schmid and Dan S. Henningson",
  title =        "Stability and transition in shear flows",
  publisher =    pub-SP,
  year =         "2001",
  ISBN =         "0-387-98985-4",
  LCCN =         "QA1 .A647",
  pages =        "xiii + 556",
  volume = 	 "142",
  series =       "Applied Mathematical Sciences",
}

@InProceedings{Schmid-Henningson:proc,
  author = 	"Schmid, P. J. and Henningson, D. S.",
  title = 	"Channel flow transition induced by a pair of oblique waves",
  booktitle = 	"Instability, Transition and Turbulence",
  year = 	"1992",
  editor    =   "Hussaini, M. Y. and Kumar, A. and Streett, C. L.",
  publisher =   "Springer-Verlag",
  pages     =   "356--366",
}

@Article{Schmid-Henningson,
author	= "Schmid, P. J. and Henningson, D. S.",
title	= "A new mechanism for rapid transition involving a pair of
           oblique waves",
volume    = "4",
pages   = "1986--1989",
journal = pfa,
year	= {1992}
}

@Article{Schmid-Henningson:pipe,
author	= "Schmid, P. J. and Henningson, D. S.",
title	= "Optimal energy density growth in {Hagen}-{Poiseuille} flow",
journal = jfm,
pages   = "197--225",
volume  = "277",
year	= {1994}
}
 
@techreport{Schmid-Henningson:nonlin,
author	= "Schmid, P. J. and Henningson, D. S.",
title   = "Nonlinear energy density transfer during oblique transition
in plane {P}oiseuille flow",
institution = {Royal Institute of Technology, Stockholm},
number	= {TRITA-MEK 1993:5},
year	={1993}
}

@Misc{Schmid-Henningson-Khorrami-Malik:ICASE,
author=        "Schmid, P. J. and Henningson, D. S.
and Khorrami, M. R. and Malik, M. R",
title =        {Sensitivity studies of hydrodynamic stability operators.},
howpublished = {ICASE REPORT 92-33},
year =         "1992"
}

@InProceedings{Schmid-Reddy-Henningson,
author	    = {Schmid, P. J. and Reddy, S. C. and Henningson, D. S.},
title	    = {Transition thresholds in boundary layer and channel flow.},
  booktitle = 	"Advances in Turbulence VI",
  year      = 	"1996",
  pages     = "381--384",
  editor    =   "Gavrilakis, S. and Machiels, L. and Monkewitz, P. A.",
  publisher =   "Kluwer Academic Publishers",
}

@Article{Schmid-Kytomaa,
author	= "Schmid, P. J. and {Kyt\"omaa}, H. K.",
title	= "Transient and asymptotic stability of granular flow",
volume    = "264",
pages   = "255--275",
journal = jfm,
year	= {1994}
}

@InCollection{Schmid-Lundbladh-Henningson,
  author=        "Schmid, P. J. and Lundbladh, A. and Henningson, D. S.",
  title =        "Spatial evolution of disturbances in plane
{P}oiseuille flow",
  publisher    = "Kluwer",
  address =      "Dordrecht",
  editor =       "Hussaini, M. Y. and Gatski, T. B. and Jackson, T. L.",
  pages =        "287--297",
  booktitle =    "Transition, Turbulence and Combustion, Volume I",
  year = 	 "1994",
}

@techreport{Schubauer-Klebanoff,
author  = {Schubauer, G. B. and Klebanoff, P. S.},
title   = {Contributions on the mechanics of boundary layer transition},
institution = {NACA},
number	= {TN 3489},
year	={1955}
}

@techreport{Schubauer-Klebanoff:1956,
author  = {Schubauer, G. B. and Klebanoff, P. S.},
title   = {Contributions on the mechanics of boundary layer transition},
institution = {NACA},
number	= {TN 909},
year	={1956}
}

@Article{Serrin,
  author =      "Serrin, J.",
  title =       "On the stability of viscous fluid motions", 
  journal =     "Arch. Rat. Mech. Anal.",
  volume =      "3",
  year =        "1959",
  pages =       "1--13"
}

@Article{Schubauer-Skramstad,
author	= {Schubauer, G. B. and Skramstad, H. F.},
title	= {Laminar boundary layer oscillations and the stability of 
laminar flow.},
journal = {J. Aero. Sci.},
volume	= {14},
pages	= {69--78},
year	= {1947}
}



@PHDTHESIS{Shantini:PhD,
  Author = 	"Shantini, R.",
  Title = 	"Degenerating {O}rr-{S}ommerfeld eigenmodes and
                 development of three-dimensional perturbations",
  School = 	"Lule\aa\ {U}niversity of {T}echnology",
  Address = 	"Lule\aa\, {S}weden",
  Year = 	"1990"
}

@Article{Shantini,
  author = 	"Shantini, R.",
  title = 	"Degeneracies of the temporal {O}rr-{S}ommerfeld
                 eigenmodes in plane {P}oiseuille flow",
  journal = 	 jfm,
  year = 	"1989",
  volume =      "201",
  pages =       "13--34"
}

@Misc{Simen-Dallmann,
  author=        "Simen, M. and Dallmann, U.",
  title =        {On the instability of hypersonic flow past a pointed
cone -- comparison of theoretical and experimental results at {Mach} 8.},
  howpublished = {Deutscher {Luft-} und {Raumfahrtkongress} /
{DGLR-Jahrestagung}},
  note =         "(29 September -- 2 October, 1992, Bremen)",
  year =         "1992"
}

@InCollection{Singer:ICASE1992,
  author = 	"Singer, B. A.",
  booktitle = 	"Instability, Transition and Turbulence",
  title = 	"The formation and growth of a hairpin vortex",
  publisher = 	"Springer",
  year = 	"1992",
  editor = 	"Hussaini, M. Y. and Kumar, A. and Street, C. L.",
  pages = 	"367--376",
}

@techreport{Singer-Ferziger-Reed,
author  = "Singer, B. and Ferziger, J. H. and Reed, H.",
title   = "Numerical Simulation Studies of Laminar-Turbulent
Transition in the Plane Channel",
institution = {Thermosciences Division, Department of Mechanical
Engineering, Stanford University},
number	= {TF-31},
year	={1987}
}

@misc{Singer,
author  = "Singer, B.",
title   = "Modelling the transition region",
howpublished = "NASA CR-4492",
year	={1993}
}

@Article{Sirovich-Ball-Keefe,
  author = 	"Sirovich, L. and Ball, K. S. and Keefe, L. R.",
  title = 	"Plane waves and structures in turbulent channel flow",
  journal = 	pf,
  year = 	"1990",
  note = 	"(In press)"
}

@Article{Sirovich-Rodriguez,
  author = 	"Sirovich, L. and Rodriguez, D.",
  title = 	"Coherent structures and chaos: {A} model problem",
  journal = 	"Phys. Lett. A",
  year = 	"1987",
  volume = 	"120",
  pages = 	"211--214",
}

@Article{Sirovich:kl-1,
  author = 	"Sirovich, Lawrence",
  title = 	"Turbulence and the dynamics of coherent structures.
		 {Part I}: Coherent Structures",
  journal = 	qam,
  year = 	"1987",
  volume = 	"XLV",
  number = 	"3",
  pages = 	"561--571"
}

@Article{Sirovich:kl-2,
  author = 	"Sirovich, Lawrence",
  title  = 	"Turbulence and the dynamics of coherent structures.
		 {Part II}: Symmetries and transformations",
  journal = 	qam,
  year = 	"1987",
  volume = 	"XLV",
  number = 	"3",
  pages = 	"573--582"
}

@Article{Sirovich:kl-3,
  author = 	"Sirovich, Lawrence",
  title = 	"Turbulence and the dynamics of coherent structures.
		 {Part III}: Dynamics and Scaling",
  journal = 	qam,
  year = 	"1987",
  volume = 	"XLV",
  number = 	"3",
  pages = 	"583--590"
}

@PHDTHESIS{Sjogren,
  Author = 	"{Sj\"ogren, T.}",
  Title = 	"Development and Validation of Turbulence Models
Through Experiment and Computation",
  School = 	"Royal Institute of Technology",
  Address = 	"Stockholm, Sweden",
  Year = 	"1997"
}


@techreport{Smith-Gamberoni,
author  = {Smith, A. M. O. and Gamberoni, N.},
title   = {Transition, pressure gradient and stability theory.},
institution = {Douglas Aircraft Co.},
number	= {ES 26388},
year	={1956}
}

@Article{Solomonoff-Turkel,
  author = 	"Solomonoff, A. and Turkel, E.",
  title = 	"Global Properties of Pseudospectral Methods",
  journal = 	jcp,
  year = 	"1989",
  volume = 	"18",
  pages = 	"239--276",
}

@Article{Smith:separation,
  author = 	"Smith, F. T.",
  title = 	"Steady and unsteady boundary layer separation",
  journal = 	"Ann. Rev. Fluid Mech.",
  year = 	"1986",
  volume = 	"18",
  pages = 	"197--220",
}

@INPROCEEDINGS{Sommerfeld,
author	= {Sommerfeld, A.},
title	= "{Ein Beitrag zur hydrodynamischen Erkl\"{a}rung der turbulenten 
	   Fl\"{u}ssigkeitbewegungen}",
Booktitle = {Atti. del 4. Congr. Internat. dei Mat. III},
address	= {Roma},
pages	= {116--124},
Year	= {1908}
}

@Article{Spalart-Yang,
author	= {Spalart, P. R. and Yang, K.},
Title   = {Numerical study of ribbon induced transition in Blasius flow},
Journal	= jfm,
pages	= {345--365},
Volume  = {178},
Year	= {1987}
}

@Article{Spalart,
author	= {Spalart, P. R.},
Title   = {Direct numerical simulations of a turbulent boundary layer
           up to ${Re}_{\theta}=1410$.},
Journal	= jfm,
pages	= {61--98},
Volume  = {187},
Year	= {1988}
}

@InProceedings{Spalart:crossflow,
  author = 	"Spalart, S. P.",
  title = 	"Direct Numerical Study of Cross-flow Instability",
  booktitle = 	"Laminar-Turbulent Transition",
  year = 	"1990",
  editor    =   "Arnal, D. and Michel, R.",
  publisher =   "Springer-Verlag",
  pages     =   "621--630",
}



@Misc{Spalart:NASA,
  author =      {Spalart, Philippe R.},
  title	=       {Numerical Simulation of boundary layers: {Part~1. W}eak 
                 formulation and numerical method.},
  howpublished = {NASA TM 88222},
  year	=       {1986}
}

@Article{Spalart:turb-bl,
author	= {Spalart, Philippe R.},
title	= {Direct simulation of a turbulent boundary layer up to 
{$Re_\theta$} = 1410},
journal	= jfm,
volume	= 187,
pages	= {61--98},
year	= {1988}
}

@InProceedings{Spalart-Leonard,
  author = 	"Spalart, P. R. and Leonard, A.",
  title = 	"Direct Numerical Simulation of Equilibrium Turbulent Boundary Layers",
  booktitle = 	"Turbulent Shear Flows 5",
  year = 	"1987",
  editors = 	"Durst, F. and Launder, B. E. and Lumley, J.L. and
Schmitd, F. W. and Whitelaw, J. H.",
  publisher =   "Springer",
  pages =       "234--252"
}


@Article{Speziale,
author        = {Speziale, C. G.},
title = {On nonlinear {K-l and K-$\epsilon$} models of turbulence},
journal       = jfm,
volume        = 178,
pages   = "459--475",
year  = {1987}
}

@Article{Squire,
  author = 	"Squire, H. B.",
  title = 	"On the stability for three-dimensional disturbances of
		 viscous fluid flow between parallel walls",
  journal =     prsl,
  year = 	"1933",
  volume = 	"142",
  pages = 	"621--8",
}

@Article{Sreenivasan-Meneveau,
  author = 	"Sreenivasan, K. R. and Meneveau, Charles",
  title = 	"The fractal facets of turbulence",
  journal = 	jfm,
  year = 	"1986",
  volume = 	"173",
  pages = 	"357--386",
}

@article{skote:2309,
author = {M. Skote and J. H. Haritonidis and D. S. Henningson},
collaboration = {},
title = {Varicose instabilities in turbulent boundary layers},
publisher = {AIP},
year = {2002},
journal = {Physics of Fluids},
volume = {14},
number = {7},
pages = {2309-2323},
keywords = {boundary layer turbulence; flow instability},
url = {http://link.aip.org/link/?PHF/14/2309/1}
}

@Article{Skote-Henningson:2002,
  author = 	"Martin Skote and Dan S. Henningson",
  title = 	"Direct numerical simulation of a separated turbulent boundary layer",
  journal = 	jfm,
  year = 	"2002",
  volume = 	"471",
  pages = 	"107--136",
}

@Article{Skote-Henkes-Henningson,
  author = 	"Martin Skote and R. A. W. M. Henkes and D. S. Henningson",
  title = 	"Direct numerical simulation of self-similar turbulent boundary layers in adverse pressure gradients",
  journal = 	"Flow, Turbulence and Combustion",
  year = 	"1998",
  volume = 	"60",
  pages = 	"47--85",
}

@Misc{Stetson-Donaldson-Siler,
  author=        "Stetson, K. F. and Donaldson, J. L. and Siler, L. G.",
  title =        {Laminar boundary layer stability experiments on a
cone at {Mach} 8, {Part 3}: {Sharp} cone at angle of attack.},
  howpublished = {{AIAA}-85-492},
  year =         "1985"
}

@Article{Stewartson,
author	= {Stewartson, K.},
title	= {On asymptotic expansion in the theory of boundary layer.},
journal	= "J. Math. Phys.",
volume	= 36,
pages	= "137",
year	= 1957
}

@Article{Stewartson:Poland,
author	= {Stewartson, K.},
title	= {Some aspects of nonlinear stability theory.},
journal	= "Fluid Dyn. Trans.",
volume	= 7,
pages	= "101--128",
year	= 1974
}

@Article{Stuart:1958,
author	= {Stuart, J. T.},
title	= {On the nonlinear mechanics hydrodynamic stability},
journal	= jfm,
volume	= 4,
pages	= "1--21",
year	= 1958
}

@Article{Stuart:1960,
author	= {Stuart, J. T.},
title	= {On the nonlinear mechanics  of wave disturbances in stable
and unstable parallel flows. {P}art 1. {T}he basic behaviour in plane
{P}oiseuille flow.},
journal	= jfm,
volume	= 9,
pages	= "353--370",
year	= 1960
}

@misc{Stuart:agard,
  author = 	"Stuart, J. T.",
  title = 	"The production of intense shear layers by
		 vortex stretching and convection",
  howpublished = "AGARD Report 514",
  year = 	"1965",
}

@Article{Stuart-DiPrima,
  author =      "Stuart, J. T. and DiPrima, R. C.",
  title	=       "The {Eckhaus} and {Benjamin-Feir} resonance mechanism", 
  journal =      prsl,
  Volume =      "362 ",
  pages =       "27--41",
  year =        "1978"
}

@Article{Streett-Macaraeg,
author	= {Streett, C. L. and Macaraeg, M. G.},
title	= {Spectral multi-domain for large-scale fluid dynamic simulations},
journal	= "Appl. Numer. Maths.",
volume	= "6",
pages	= "123-139",
year	= "1990",
}

@Article{Swearingen-Blackwelder,
author	= {Swearingen, Jerry D. and Blackwelder, Ron F.},
Title   = {The growth and breakdown of streamwise vortices in the 
presence of a wall},
Journal	= jfm,
pages	= {255--290},
Volume  = {182},
Year	= {1987}
}

@Misc{svn-book,
  key = 	 "",
  author = 	 "Ben Collins-Sussman and Brian W. Fitzpatrick and C. Michael Pilato",
  title = 	 "Version {C}ontrol with {S}ubversion",
  howpublished = "http://svnbook.red-bean.com",
  OPTmonth = 	 "",
  year = 	 "{}",
  OPTnote = 	 "",
  OPTannote = 	 ""
}

@Article{Tangborn-Sirovich-Streett,
  author = 	"Tangborn, A. V. and Sirovich, L. and Street, C. L.",
  title = 	"An orthogonal decomposition of finite length chaotic
		 {Taylor-Couette} flow",
  journal = 	"Bull. Am. Phys. Soc.",
  year = 	"1988",
  volume = 	"33",
  number = 	"10",
  pages = 	"2242",
}

@Article{Tani,
author	= {Tani, I.},
Title   = {Boundary layer transition},
Journal	= annrev,
pages	= {169--196},
Volume  = {1},
Year	= {1969}
}

@Article{Tillmark-Alfredsson,
author	= {Tillmark, N. and Alfredsson, P. H.},
Title   = {Experiments on transition in plane {Couette} flow.},
Journal	= jfm,
pages	= {89--102},
Volume  = {235},
Year	= {1992}
}

@Misc{Tollmien,
  author=        "Tollmien, W.",
  title =        "{\"{U}ber die Entstehung der Turbulenz.}",
  howpublished = {Nachr. Ges. Wiss. G\"{o}ttingen, 21--44},
  note =         "(English translation NACA TM 609, 1931)",
  year =         "1929"
}

@Misc{Tollmien:1935,
author	= "Tollmien, W.",
title	= "{\hyphenation{ge-schwin-digkeits-verteilungen}
Ein allgemeines Kriterium der Instabilit{\"a}t laminarer Geschwindigkeitsverteilungen.}",
howpublished	= "Nachr. Wiss. Fachgruppe, G{\"o}ttingen Math.-phys.
Kl. 1 79--114",
note	= "(English translation as 'General instability criterion of
laminar velocity distributions', in {\it{Tech. Memor. Nat. Adv. Comm.
Aero.}} Wash. No. 792 (1936))",
year = {1935}
 }

@Article{Thomas,
  author = 	 "Thomas, A. S.W.",
  title = 	 "The control of boundary-layer transition using a wave superposition principle",
  journal = 	 jfm,
  year = 	 "1983",
  volume = 	 "137",
  pages = 	 "233--250",
}

@Article{Trefethen:SIAM,
  author = 	 "Trefethen, L. N.",
  title = 	 "Psuedospectra of linear operators.",
  journal = 	 "SIAM Review",
  year = 	 "1997",
  volume = 	 "39",
  pages = 	 "383--406",
}

@Article{TTRD,
  author = 	 "Trefethen, L. N. and Trefethen, A. E. and Reddy, S. C.
and Driscoll, T. A.",
  title = 	 "Hydrodynamic Stability Without Eigenvalues.",
  journal = 	 "Science",
  year = 	 "1993",
  volume = 	 "261",
  pages = 	 "578--584",
}

@Misc{Trefethen-Trefethen-Reddy-Driscoll,
  author=        "Trefethen, L. N. and Trefethen, A. E. and Reddy, S. C.
and Driscoll, T. A.",
  title =        {A New Direction in Hydrodynamic Stability: Beyond
Eigenvalues.},
  howpublished = {CTC92TR115, Technical Report from the Center for
Theory and Simulation in Science and Engineering, Cornell University,
Ithaca, NY.},
  year =         "1992",
}

@Misc{Trefethen-Trefethen-Schmid,
  author=        "Trefethen, A. E. and Trefethen, L. N. and Schmid, P. J.",
  title =        {Spectra and Pseudospectra for Pipe {Poiseuille} Flow.},
  howpublished = {IPS Research Report No. 94-16, Swiss Federal
Institute of Technology Zurich, .},
  year =         "1994",
}

@InProceedings{Trefethen,
  author = 	 "Trefethen, L. N.",
  title = 	 "Pseudospectra of matrices",
  booktitle = 	 "Numerical Analysis 1991",
  year = 	 "1992",
  editors = 	 "Griffiths, D. F. and Watson, G. A.",
  publisher =    "Longman",
  pages =        "234--266"
}

@Article{Trefethen-Trummer,
  author = 	 "Trefethen, Lloyd N.  and Trummer, Manfred R. ",
  title = 	 "An Instability phenomenon in spectral methods",
  journal = 	 "SIAM J. Numer. Anal.",
  year = 	 "1987",
  volume = 	 "24",
  number = 	 "5",
  pages = 	 "1008--1023",
  month = 	 "October",
}

@InProceedings{Tritton-Davies,
  author = 	"Tritton, D.J. and Davies, P.A.",
  title = 	"Instabilities in geophysical fluid dynamics",
  booktitle = 	"Hydrodynamic Instabilities and the
Transition to Turbulence, 2ed",
  year = 	"1985",
  editor    =   "Swinney, H.L. and Gollub, J.P.",
  publisher =   "Springer-Verlag",
  pages     =   "229--270",
}
 
@INCOLLECTION{Tsinober,
  author = 	 "Tsinober, A.",
  title = 	 "MHD flow drag reduction",
  booktitle = 	 "Viscous Drag Reduction in Boundary Layers",
  year = 	 "1989",
  editors = 	 "Bushnell, D. M. and Hefner, J. N.",
  publisher =    "Progress in Astronautics and Aeronautics, 
                 American Institute of Aeronotical and Astronautics, Inc",
  volume=        "123",
  pages =        "327--349"
}

@InProceedings{Tso-Chang-Blackwelder,
  author = 	 "Tso, J. and Chang, S. I. and Blackwelder, R. F.",
  title = 	 "On the breakdown of a wave packet disturbance in a
laminar boundary layer",
  booktitle = 	 "Laminar-Turbulent Transition",
  year = 	 "1990",
  editor    =    "Arnal, D. and Michel, R.",
  publisher =    "Springer-Verlag",
  pages     =    "199--214",
}

@Article{Vasudeva,
author	={Vasudeva, B. R.},
title	= {Boundary layer experiment with localized disturbance.},
journal = jfm,
volume	= {29},
pages	= {745--763},
year	= {1967}
}

@Article{Wallin-Johansson,
  author =       "Stefan Wallin and Arne V. Johansson",
  title =        "An explicit algebraic {R}eynolds stress model for incompressible and compressible turbulent flows",
  journal =      jfm,
  year =         "2000",
  volume =       "403",
  number =       "",
  pages =        "89--132",
  month =        "",
}

@Article{Waleffe,
  author = 	 "Waleffe, F.",
  title = 	 "Transition in shear flows. Nonlinear normality versus
non-normal linearity",
  journal = 	 pf,
  year = 	 "1995",
  volume = 	 "7",
  pages = 	 "3060--3066",
}

@Article{Watson,
  author = 	 "Watson, J.",
  title = 	 "On the nonlinear mechanics of wave disturbances in
		 stable and unstable parallel flows. {Part 2. The}
		 development of a solution for plane {P}oiseuille and
		 for plane {C}ouette flow",
  journal = 	 jfm,
  year = 	 "1960",
  volume = 	 "9",
  pages = 	 "371--389",
}

@Book{Whitham:book,
author	= {Whitham, G. B.},
title	= {Linear and Nonlinear waves},
publisher = {Wiley-Interscience},
year	= {1974}
}

@Article{Wehrmann,
author	={Wehrmann, A. K.},
title	= {{Tollmien-Schlichting} waves under the influence of a flexible wall},
journal = pf,
volume	= {8},
pages	= {1389--1390},
year	= {1965}
}

@Article{Werne,
author	={Werne, J.},
title	= {Incompressibility and no-slip boundaries in the Chebychev-Tau
Approximation: correction to Kleiser and Schumann's influence-matrix solution},
journal = jcp,
volume	= {120},
pages	= {260--265},
year	= {1995}
}

@PHDTHESIS{Westin,
  Author = 	 "{Westin, K. J.}",
  Title = 	 "Laminar-trubulent boundary layer transition influenced
                 by free stream turbulence",
  School = 	 "Royal Institute of Technology",
  Address = 	 "Stockholm, Sweden",
  Year = 	 "1997"
}

@Article{Westin-Alfredsson,
  author =       "Westin, K. J. and Alfredsson, P. H.",
  title  =       "Experiments on laminar boundary layer receptivity to
free stream turbulence",
  journal =      "Bull. Am. Phys. Soc.",
  volume  =      "38",
  pages   =      "2207",
  year    =      "1993"
}

@misc{Westin-Boiko-Klingmann-Kozlov-Alfredsson,
  author =       "Westin, K. J. A. and Boiko, A. V. and Klingmann, B.
G. B. and Kozlov, V. V. and Alfredsson, P. H.",
  title  =       "Experiments in a boundary layer subject to
free-stream turbulence. {Part I}: {Boundary} layer structure and receptivity.",
  howpublished = "TRITA-MEK 1993:16, Royal
Institute of Technology, Stockholm, Sweden.",
  Year = 	 "1993"
}

@article{WBKKA,
  author =       "Westin, K. J. A. and Boiko, A. V. and Klingmann, B.
G. B. and Kozlov, V. V. and Alfredsson, P. H.",
  title  =       "Experiments in a boundary layer subject to
free-stream turbulence. {Part I}: {Boundary} layer structure and receptivity.",
 journal =       jfm,
 pages =         "193--218",
 volume =        "281",
  Year = 	 "1994"
}

@InProceedings{Widnall,
  author = 	 "Widnall, S. E.",
  title = 	 "Growth of turbulent spots in plane {Poiseuille} flow",
  booktitle = 	 "Turbulence and chaotic phenomena in fluids",
  year = 	 "1984",
  editor    =    "Tatsumi, T.",
  publisher =    "Elsevier",
  pages     =    "93--98",
}

@PHDTHESIS{Wiegel:96,
author	  = {Wiegel, M.},
title	  = {Experimentelle Untersuchung von kontrolliert
             angeregten dreidimensionalen Wellen in einer
             Blasius-Grenzschicht.},
School    = {Der Fakult{\"a}t f\"ur Maschinenwesen der Universit\"at Hannover},
address   = {Hannover (Germany)},
year	  = {1996},
note      = {Also available as VDI Fortschritt-Bericht Reihe 7, Vol 312, 1997},
}

@BOOK{Wiegel,
author	  = {Wiegel, M.},
title	  = {Experimentelle Untersuchung von kontrolliert
             angeregten dreidimensionalen Wellen in einer
             Blasius-Grenzschicht.},
publisher = {VDI-Verlag},
address   = {D\"{u}sseldorf (Germany)},
series    = {VDI Fortschritt-Bericht Reihe 7},
volume    = 312,
year	  = {1997},
note      = {Dissertation zum Dr.-Ing. an der TH Hannover, Dezember 1996},
}

@Article{Willke,
author	=        {Willke, L. H.},
title	=        {Stability in time-symmetric flows},
journal =        {J. Math. Phys.},
volume	=        {46},
pages	=        {151--163},
year	=        {1967}
}

@Article{Williams,
  author = 	 "Williams, D. R. and Fasel, H. and Hama, F. R.",
  title = 	 "Experimental determination of the three-dimensional
		 vorticity field in the boundary-layer transition process",
  journal = 	 jfm,
  year = 	 "1984",
  volume = 	 "149",
  pages = 	 "179--203",
}

@Article{Wilkinson-Malik,
author	=        {Wilkinson, S. P. and Malik, M. R.},
title	=        {Stability Experiments in the Flow over a Rotating Disc},
journal =        {AIAA J.},
volume	=        {23},
pages	=        {588--595},
year	=        {1985}
}

@Article{Wray-Hussaini,
author	=        {Wray, A. and Hussaini, M. Y.},
title	=        {Numerical experiments in boundary layer stability},
journal =        prsl,
volume	=        {392},
pages	=        {373--389},
year	=        {1984}
}

@Article{Wygnanski-Champagne,
  author = 	 "Wygnanski, I. and Champagne, F. H.",
  title = 	 "On transition in a pipe. {Part 1}. {The} origins of
		 puffs and slugs and the flow in a turbulent slug",
  journal = 	 jfm,
  year = 	 "1973",
  volume = 	 "59",
  pages = 	 "281--335",
}

@Article{Wygnanski-Sokolov-Friedman,
  author = 	 "Wygnanski, I. and Sokolov, M. and Friedman, D.",
  title = 	 "On transition in a pipe. {Part 2}. {The} equilibrium puff",
  journal = 	 jfm,
  year = 	 "1975",
  volume = 	 "69",
  pages = 	 "283--304",
}

@Article{Wygnanski-Sokolov-Friedman:2,
  author = 	"Wygnanski, I. and Sokolov, M. and Friedman, D.",
  title = 	"On the turbulent spot in a laminar boundary layer.",
  journal = 	jfm,
  year = 	"1976",
  volume = 	"78",
  pages = 	"785--819",
}

@Article{Yang-Kim,
  author = 	 "Yang, K.-S. and  Kim, J.",
  title = 	 "Numerical investigations of instability and transition
in rotating plane {Poiseuille} flow",
  journal = 	 pfa,
  year = 	 "1991",
  volume = 	 "3",
  pages = 	 "633--641",
}

@techreport{Yang-Voke,
author  =        {Yang, Z. Y. and Voke, P. R.},
title   =        {Large-eddy simulation of transition under turbulence},
Institution =    {University of Surrey, Dept. Mech. Eng},
year =           "1993",
number        =  {ME-FD/93.12},
}

@Article{Wygnanski-Haritonidis-Kaplan,
  author = 	 "Wygnanski, I. and Haritonidis, J. H. and Kaplan, R. E.",
  title = 	 "On a {Tollmien-Schlichting} wave packet produced by a
turbulent spot.",
  journal = 	 jfm,
  year = 	 "1979",
  volume = 	 "92",
  pages = 	 "505--528",
}

@Book{Yudovich,
  author = 	 "Yudovich, V. I.",
  title = 	 "The Linearization Method in Hydrodynamical Stability Theory",
  publisher = 	 "American Mathematical Society, Providence",
  year = 	 "1989"
}

@Article{Zahn-etal,
  author = 	 "Zahn, J. P. and Toomre, J. and Spiegel, E. A. and Gough, D. O.",
  title = 	 "{Nonlinear cellular motions in Poiseuille channel flow.}",
  journal = 	 jfm,
  year = 	 "1974",
  volume = 	 "64",
  pages = 	 "319--345",
}

@Article{Zaman-BarSever-Mangalam,
  author = 	 "Zaman, K. B. M. Q. and Bar-Sever, A. and Mangalam, S. M.",
  title = 	 "Effect of acoustic excitation on the flow over a low-$Re$
airfoil",
  journal = 	 jfm,
  year = 	 "1987",
  volume = 	 "182",
  pages = 	 "127--148",
}

@misc{Zang-Hussaini:85a,
  author = 	 "Zang, T. A. and Hussaini, M. Y.",
  title = 	 "Numerical experiments on subcritical transition mechanism",
howpublished	= {AIAA Paper 85-0296},
year	= {1985}
}

@InProceedings{Zang-Hussaini,
  author = 	 "Zang, T. A. and Hussaini, M. Y.",
  title = 	 "Numerical simulation of nonlinear interactions in channel
	and boundary layer transition",
  booktitle = 	 "Nonlinear Wave Interaction in Fluids",
  year = 	 "1987",
  editor    =    "Miksad, R. W. and Akylas, T. R and Herbert, T.",
  publisher =    "ASME",
  pages     =    "131--145",
}

@Article{Zang-Krist,
  author =       "Zang, T. A. and Krist, S. E.",
  title =        "Numerical experiments on stability and
transition in plane channel flow.",
  journal =      "Theoret. Comput. Fluid Dyn.",
  year =         "1989",
  volume =       "1",
  pages =        "41--64",
}

@Article{Zebib,
  author = 	 "Zebib, Abdelfattah",
  title = 	 "A {C}hebyshev method for the solution fo boundary
		 value problems",
  journal = 	 jcp,
  year = 	 "1984",
  volume = 	 "53",
  pages = 	 "443--455",
}

@Article{Zebib-Bottaro,
  author = 	 "Zebib, Abdelfattah and Bottaro, Alessandro",
  title = 	 "Goertler vortices with system rotation: Linear theory",
  journal = 	 pfa,
  year = 	 "1993",
  volume = 	 "5",
  pages = 	 "1206--1210",
}

@techreport{vanIngen,
author  = {van Ingen, J. L.},
title   = {A suggested semiempirical method for the calculation of the
		boundary layer transition region.},
Institution ={Department of Aeronautical Engineering, University of Delft},
number	= {VTH-74},
year	= {1956}
}

@inproceedings{vanIngen:separation,
author  = "van Ingen, J. L.",
title   = "Research on laminar separation bubbles at {Delft} university of
technology",
booktitle = "Separated flows and Jets",
organization = "{Proc. IUTAM Symposium, Novosibirsk}",
year	= "1991",
publisher = "Springer",
}

@techreport{Zores,
author  = {Zores, R.},
title   = {Numerische {Untersuchungen} mit einem {grobaufl\"osenden}
           {Simulationsmodell} f\"ur die {turbulente} {Kanalstr\"omung}},
Institution ={Institut f\"ur {Theoretische} {Str\"omungsmechanik},
             {DLR}, {G\"ottingen}},
number	= {IB 221-89 A 24},
year	= {1989}
}



@Article{jeong_hussain_1995,
  author = 	 {Jeong, J. and Hussain, F.},
  title = 	 {On the identification of a vortex},
  journal = 	 {J. Fluid Mech.},
  year = 	 {1995},
  volume = 	 {285},
  pages = 	 {69--94},
}


@Article{schlatter_stolz_kleiser_2004,
  author = 	 {Schlatter, P. and Stolz, S. and Kleiser, L.},
  title = 	 {{LES} of transitional flows using the approximate deconvolution model},
  journal = 	 {Int. J. Heat Fluid Flow},
  year = 	 {2004},
  volume =       {25},
  number =       {3},
  pages =        {549--558},
}


@Article{stolz_schlatter_kleiser_2005,
  author = 	 {Stolz, S. and Schlatter, P. and Kleiser, L.},
  title = 	 {High-pass filtered eddy-viscosity models for large-eddy simulations of transitional and turbulent flow},
  journal = 	 pfl,
  year = 	 {2005},
  volume =       {17},
  pages =        {065103},
  url =          {http://link.aip.org/link/?PHFLE6/17/065103/1},
}


@MastersThesis{bruhn_2006,
  author = 	 {Bruhn, T.},
  title = 	 {Large-eddy simulation of zero-pressure gradient turbulent boundary layers},
  school = 	 {KTH Mechanics, Stockholm, Sweden},
  year = 	 {2006},
}


@Article{stolz_adams_kleiser_2001a,
  author = 	 {Stolz, S. and Adams, N. A. and Kleiser, L.},
  title = 	 {An approximate deconvolution model for large-eddy simulation with application to incompressible wall-bounded flows},
  journal = 	 {Phys. Fluids},
  year = 	 {2001},
  volume = 	 {13},
  number = 	 {4},
  pages = 	 {997--1015},
}


@Article{akervik_brandt_henningson_hoepffner_marxen_schlatter_2006,
  author = 	 {{\noopsort{zz}}{\AA}kervik, E. and Brandt, L. and Henningson, D. S. and H{\oe}pffner, J. and Marxen, O. and Schlatter, P.},
  title = 	 {Steady solutions of the {N}avier--{S}tokes equations by selective frequency damping},
  journal = 	 pfl,
  url =          {http://link.aip.org/link/?PHFLE6/18/068102/1},
  volume = 	 {18},
  pages = 	 {068102},
  year = 	 {2006},
}


@Article{germano_piomelli_moin_cabot_1991,
  author = 	 {Germano, M. and Piomelli, U. and Moin, P. and Cabot, W. H.},
  title = 	 {A dynamic subgrid-scale eddy viscosity model},
  journal = 	 {Phys. Fluids A},
  year = 	 {1991},
  volume = 	 {3},
  number = 	 {7},
  pages = 	 {1760--1765},
}

@Article{lilly_1992,
  author = 	 {Lilly, D. K.},
  title = 	 {A proposed modification of the {G}ermano subgrid-scale closure method},
  journal = 	 {Phys. Fluids A},
  year = 	 {1992},
  volume = 	 {4},
  number = 	 {3},
  pages = 	 {633--635},
}

@PhdThesis{schlatter_2005,
  author = 	 {Schlatter, P.},
  title = 	 {Large-eddy simulation of transition and turbulence in wall-bounded shear flow},
  school = 	 {ETH Z{\"u}rich, Switzerland},
  year = 	 {2005},
  address =      {Diss. ETH No. 16000},
  url =         "http://e-collection.ethbib.ethz.ch/cgi-bin/show.pl?type=diss&nr=16000",
}


@Article{smagorinsky_1963,
  author = 	 {Smagorinsky, J.},
  title = 	 {General circulation experiments with the primitive equations},
  journal = 	 {Mon. Weath. Rev.},
  year = 	 {1963},
  volume = 	 {91},
  number = 	 {3},
  pages = 	 {99--164},
}

@InProceedings{schlatter_brandt_henningson_abstract_2006,
  author = 	 {Schlatter, P. and Brandt, L. and Henningson, D. S.},
  title = 	 {Large-eddy simulation of bypass transition},
  booktitle = 	 {6th European Fluid Mechanics Conference, Stockholm, Sweden},
  year = 	 {2006},
}